<?xml version="1.0" encoding="UTF-8"?>
<collection xmlns="http://www.loc.gov/MARC21/slim"
            xmlns:xsi="http://www.w3.org/2001/XMLSchema-instance"
            xmlns:marc="http://www.loc.gov/MARC21/slim"
            xmlns:oai="http://www.openarchives.org/OAI/2.0/"
            xsi:schemaLocation="http://www.loc.gov/MARC21/slim http://www.loc.gov/standards/marcxml/schema/MARC21slim.xsd">
  
  <record xsi:schemaLocation="http://www.loc.gov/MARC21/slim http://www.loc.gov/standards/marcxml/schema/MARC21slim.xsd">
      <leader>00000cam a2200829 a 4500</leader>
      <controlfield tag="FMT">BK</controlfield>
      <controlfield tag="LDR">00000cam a2200829 a 4500</controlfield>
      <controlfield tag="001">003925626</controlfield>
      <controlfield tag="003">OCoLC</controlfield>
      <controlfield tag="005">20140122140741.0</controlfield>
      <controlfield tag="008">140122s2004    be abd   b    100 0 eng</controlfield>
      <datafield tag="010" ind1=" " ind2=" ">
         <subfield code="a">2004040084</subfield>
      </datafield>
      <datafield tag="020" ind1=" " ind2=" ">
         <subfield code="a">9042914815 (alk. paper)</subfield>
      </datafield>
      <datafield tag="020" ind1=" " ind2=" ">
         <subfield code="a">9789042914810 (alk. paper)</subfield>
      </datafield>
      <datafield tag="035" ind1=" " ind2=" ">
         <subfield code="a">(OCoLC)60880420</subfield>
         <subfield code="z">(OCoLC)54972243</subfield>
      </datafield>
      <datafield tag="040" ind1=" " ind2=" ">
         <subfield code="a">DLC</subfield>
         <subfield code="b">eng</subfield>
         <subfield code="c">DLC</subfield>
         <subfield code="d">IXA</subfield>
         <subfield code="d">BAKER</subfield>
         <subfield code="d">NLGGC</subfield>
         <subfield code="d">BTCTA</subfield>
         <subfield code="d">YDXCP</subfield>
         <subfield code="d">OCLCG</subfield>
         <subfield code="d">IG#</subfield>
         <subfield code="d">GEBAY</subfield>
         <subfield code="d">OCLCF</subfield>
         <subfield code="d">OCLCO</subfield>
         <subfield code="d">NNU</subfield>
      </datafield>
      <datafield tag="041" ind1="0" ind2=" ">
         <subfield code="a">eng</subfield>
         <subfield code="a">fre</subfield>
         <subfield code="a">ger</subfield>
         <subfield code="a">ita</subfield>
      </datafield>
      <datafield tag="042" ind1=" " ind2=" ">
         <subfield code="a">pcc</subfield>
      </datafield>
      <datafield tag="043" ind1=" " ind2=" ">
         <subfield code="a">e-it---</subfield>
         <subfield code="a">aw-----</subfield>
         <subfield code="a">e------</subfield>
         <subfield code="a">ff-----</subfield>
      </datafield>
      <datafield tag="050" ind1="0" ind2="0">
         <subfield code="a">HD9616.I82</subfield>
         <subfield code="b">I58 1999</subfield>
      </datafield>
      <datafield tag="082" ind1="0" ind2="0">
         <subfield code="a">937/.02</subfield>
         <subfield code="2">22</subfield>
      </datafield>
      <datafield tag="084" ind1=" " ind2=" ">
         <subfield code="a">21.88</subfield>
         <subfield code="2">bcl</subfield>
      </datafield>
      <datafield tag="111" ind1="2" ind2=" ">
         <subfield code="a">International ROCT-Congress</subfield>
         <subfield code="n">(1st :</subfield>
         <subfield code="d">1999 :</subfield>
         <subfield code="c">Louvain, Belgium)</subfield>
      </datafield>
      <datafield tag="245" ind1="1" ind2="0">
         <subfield code="a">Early Italian sigillata :</subfield>
         <subfield code="b">the chronological framework and trade patterns : proceedings of the First International ROCT-Congress, Leuven, May 7 and 8, 1999 /</subfield>
         <subfield code="c">edited by Jeroen Poblome ... [et al.].</subfield>
      </datafield>
      <datafield tag="246" ind1="3" ind2="0">
         <subfield code="a">Proceedings of the First International ROCT-Congress</subfield>
      </datafield>
      <datafield tag="260" ind1=" " ind2=" ">
         <subfield code="a">Leuven ;</subfield>
         <subfield code="a">Dudley, MA :</subfield>
         <subfield code="b">Peeters,</subfield>
         <subfield code="c">2004.</subfield>
      </datafield>
      <datafield tag="300" ind1=" " ind2=" ">
         <subfield code="a">390 p. :</subfield>
         <subfield code="b">ill., charts, maps ;</subfield>
         <subfield code="c">28 cm.</subfield>
      </datafield>
      <datafield tag="490" ind1="1" ind2=" ">
         <subfield code="a">Babesch. Supplement,</subfield>
         <subfield code="x">0165-9367 ;</subfield>
         <subfield code="v">10</subfield>
      </datafield>
      <datafield tag="546" ind1=" " ind2=" ">
         <subfield code="a">In English, French, German, or Italian.</subfield>
      </datafield>
      <datafield tag="504" ind1=" " ind2=" ">
         <subfield code="a">Bibliography: p. 355-387.</subfield>
      </datafield>
      <datafield tag="505" ind1="0" ind2="0">
         <subfield code="t">Preface /</subfield>
         <subfield code="r">Marc Waelkens --</subfield>
         <subfield code="t">Introduction /</subfield>
         <subfield code="r">Jeroen Poblome, Marc Waelkens --</subfield>
         <subfield code="t">Eastern Roman empire /</subfield>
         <subfield code="r">Jeroen Poblome, Peter Talloen --</subfield>
         <subfield code="t">Ouest de l'empire romain /</subfield>
         <subfield code="r">Raymond Brulet, Hugo Thoen --</subfield>
         <subfield code="g">The eastern Roman empire.</subfield>
         <subfield code="t">Italian-made fine wares and cooking wares in the eastern Mediterranean before the time of Augustus /</subfield>
         <subfield code="r">John Lund --</subfield>
         <subfield code="t">Italian sigillata in the eastern Mediterranean /</subfield>
         <subfield code="r">Jeroen Poblome --</subfield>
         <subfield code="t">Corinth : Italian sigillata and other Italian imports to the early colony /</subfield>
         <subfield code="r">Kathleen Warner Slane --</subfield>
         <subfield code="t">Sigillaten aus Patras : die lokale Produktion im historischen Umfeld /</subfield>
         <subfield code="r">Gerhild Hübner --</subfield>
         <subfield code="t">Modalités d'importation de la sigillée italique à Argos /</subfield>
         <subfield code="r">Catherine Abadie-Reynal --</subfield>
         <subfield code="t">Italian sigillata in the East : Olympia : a case study /</subfield>
         <subfield code="r">Archer Martin --</subfield>
         <subfield code="t">Earliest Italian sigillata at Knossos /</subfield>
         <subfield code="r">Jonas Eiring --</subfield>
         <subfield code="t">Italische sigillata in Ephesos /</subfield>
         <subfield code="r">Susanne Zabehlicky-Scheffenegger --</subfield>
         <subfield code="t">Italische Einflüsse in der knidischen Keramik der frühen Kaiserzeit /</subfield>
         <subfield code="r">Patricia Kögler, Ursula Mandel --</subfield>
         <subfield code="t">Importation of stamped Italian sigillata to Cyprus /</subfield>
         <subfield code="r">Daniele Malfitana --</subfield>
         <subfield code="t">Italian fine wares in first century AD Berytus : the assemblage from the cistern deposit BEY 006 12300/12237 /</subfield>
         <subfield code="r">Paul Reynolds --</subfield>
         <subfield code="t">Apport italique de sigillées en Egypte au début du Haut-Empire : le cas d'Alexandrie et de Coptos /</subfield>
         <subfield code="r">Sandrine Elaigne --</subfield>
      </datafield>
      <datafield tag="505" ind1="0" ind2="0">
         <subfield code="g">The western Roman empire.</subfield>
         <subfield code="t">Verzierte italische Sigillata in den römischen Militärlagern Westfalens : Aspekte des Handels mit Sigillata der mittel- und spätaugusteischen Zeit /</subfield>
         <subfield code="r">Bernhard Rudnick --</subfield>
         <subfield code="t">Terre sigillée italique et les horizons Augustéens dans le Nord de la Gaule /</subfield>
         <subfield code="r">Frédéric Hanut --</subfield>
         <subfield code="t">Essai de détermination de provenance par l'utilisation de la fabrique des sigillées arétines, pisanes et lyonnaises présentes dans des sites de Gaule /</subfield>
         <subfield code="r">Grégory Delécaut, Benoit Misonne, Dominique Laduron --</subfield>
         <subfield code="t">Début des importations de sigillées en Gaule : le cas de Lyon /</subfield>
         <subfield code="r">Armand Desbat --</subfield>
         <subfield code="t">Zu den frührömischen Importen von Tafelgeschirr in das Gebiet der heutigen Schweiz : eine Arbeitsskizze /</subfield>
         <subfield code="r">Katrin Roth-Rubi --</subfield>
         <subfield code="t">Zur Frage der Spätdatierung : die Planierschicht der Südhangbauten vom Magdalensberg /</subfield>
         <subfield code="r">Eleni Schindler Kaudelka --</subfield>
         <subfield code="t">Signatures on Italian sigillata : a new perspective /</subfield>
         <subfield code="r">Philip M. Kenrick --</subfield>
         <subfield code="t">Terre sigillée en Italie du nord /</subfield>
         <subfield code="r">Maria Paola Lavizzarri Pedrazzini --</subfield>
         <subfield code="t">Ateian sigillata and import-export activities in north Etruria /</subfield>
         <subfield code="r">Simonetta Menchelli --</subfield>
         <subfield code="t">Italian terra sigillata in Rome and the Rome area : production, distribution, and laboratory analysis /</subfield>
         <subfield code="r">Gloria Olcese --</subfield>
         <subfield code="t">Produzione di terra sigillata in Campania /</subfield>
         <subfield code="r">Gianluca Soricelli --</subfield>
         <subfield code="t">Italian sigillata imported in Sicily : the evidence of stamps /</subfield>
         <subfield code="r">Daniele Malfitana --</subfield>
         <subfield code="t">Preliminary results of archaeological and archaeometrical studies of early Italian sigillata from Baetulo (Badalona, Spain) /</subfield>
         <subfield code="r">Marisol Madrid Fernandez --</subfield>
         <subfield code="t">Petrological approach to Italian sigillata /</subfield>
         <subfield code="r">David Williams.</subfield>
      </datafield>
      <datafield tag="650" ind1=" " ind2="0">
         <subfield code="a">Pottery industry</subfield>
         <subfield code="z">Italy</subfield>
         <subfield code="x">History</subfield>
         <subfield code="v">Congresses.</subfield>
      </datafield>
      <datafield tag="650" ind1=" " ind2="0">
         <subfield code="a">Pottery industry</subfield>
         <subfield code="z">Rome</subfield>
         <subfield code="v">Congresses.</subfield>
      </datafield>
      <datafield tag="650" ind1=" " ind2="0">
         <subfield code="a">Pottery, Roman</subfield>
         <subfield code="z">Mediterranean Region</subfield>
         <subfield code="x">History</subfield>
         <subfield code="v">Congresses.</subfield>
      </datafield>
      <datafield tag="650" ind1=" " ind2="0">
         <subfield code="a">Pottery, Roman</subfield>
         <subfield code="z">Europe</subfield>
         <subfield code="x">History</subfield>
         <subfield code="v">Congresses.</subfield>
      </datafield>
      <datafield tag="650" ind1=" " ind2="7">
         <subfield code="a">Pottery industry.</subfield>
         <subfield code="2">fast</subfield>
         <subfield code="0">(OCoLC)fst01073639</subfield>
      </datafield>
      <datafield tag="650" ind1=" " ind2="7">
         <subfield code="a">Pottery, Roman.</subfield>
         <subfield code="2">fast</subfield>
         <subfield code="0">(OCoLC)fst01073863</subfield>
      </datafield>
      <datafield tag="651" ind1=" " ind2="7">
         <subfield code="a">Europe.</subfield>
         <subfield code="2">fast</subfield>
         <subfield code="0">(OCoLC)fst01245064</subfield>
      </datafield>
      <datafield tag="651" ind1=" " ind2="7">
         <subfield code="a">Italy.</subfield>
         <subfield code="2">fast</subfield>
         <subfield code="0">(OCoLC)fst01204565</subfield>
      </datafield>
      <datafield tag="651" ind1=" " ind2="7">
         <subfield code="a">Mediterranean Sea.</subfield>
         <subfield code="2">fast</subfield>
         <subfield code="0">(OCoLC)fst01239753</subfield>
      </datafield>
      <datafield tag="651" ind1=" " ind2="7">
         <subfield code="a">Rome (Empire)</subfield>
         <subfield code="2">fast</subfield>
         <subfield code="0">(OCoLC)fst01204885</subfield>
      </datafield>
      <datafield tag="655" ind1=" " ind2="7">
         <subfield code="a">Conference proceedings.</subfield>
         <subfield code="2">fast</subfield>
         <subfield code="0">(OCoLC)fst01423772</subfield>
      </datafield>
      <datafield tag="655" ind1=" " ind2="7">
         <subfield code="a">History.</subfield>
         <subfield code="2">fast</subfield>
         <subfield code="0">(OCoLC)fst01411628</subfield>
      </datafield>
      <datafield tag="700" ind1="1" ind2=" ">
         <subfield code="a">Poblome, J.</subfield>
         <subfield code="q">(Jeroen)</subfield>
         <subfield code="e">ed.</subfield>
      </datafield>
      <datafield tag="776" ind1="0" ind2="8">
         <subfield code="i">Online version:</subfield>
         <subfield code="a">International ROCT-Congress (1st : 1999 : Louvain, Belgium)</subfield>
         <subfield code="t">Early Italian sigillata.</subfield>
         <subfield code="d">Leuven ; Dudley, MA : Peeters, 2004</subfield>
         <subfield code="w">(OCoLC)655802224</subfield>
      </datafield>
      <datafield tag="830" ind1=" " ind2="0">
         <subfield code="a">Bulletin antieke beschaving.</subfield>
         <subfield code="p">Supplement ;</subfield>
         <subfield code="v">10.</subfield>
      </datafield>
      <datafield tag="994" ind1=" " ind2=" ">
         <subfield code="a">Z0</subfield>
         <subfield code="b">ZYU</subfield>
      </datafield>
      <datafield tag="OWN" ind1=" " ind2=" ">
         <subfield code="a">GENERAL</subfield>
      </datafield>
      <datafield tag="936" ind1=" " ind2=" ">
         <subfield code="a">PR 470967775</subfield>
      </datafield>
      <datafield tag="AVA" ind1=" " ind2=" ">
         <subfield code="a">NYU50</subfield>
         <subfield code="b">NISAW</subfield>
         <subfield code="c">Oversize Collection</subfield>
         <subfield code="d">HD9616.I82 I58 1999</subfield>
         <subfield code="e">available</subfield>
         <subfield code="t">Available</subfield>
         <subfield code="f">1</subfield>
         <subfield code="g">0</subfield>
         <subfield code="h">N</subfield>
         <subfield code="i">0</subfield>
         <subfield code="j">OVERZ</subfield>
         <subfield code="k">0</subfield>
      </datafield>
      <marc:datafield tag="852" ind1=" " ind2=" ">
         <marc:subfield code="a">New York University</marc:subfield>
         <marc:subfield code="b">Institute for the Study of the Ancient World</marc:subfield>
         <marc:subfield code="c">Oversize Collection</marc:subfield>
         <marc:subfield code="e">15 East 84th Street</marc:subfield>
         <marc:subfield code="e">New York, NY  10028</marc:subfield>
      </marc:datafield>
   </record>