
  
  
  
  
  
  
 
  
  <record xsi:schemaLocation="http://www.loc.gov/MARC21/slim http://www.loc.gov/standards/marcxml/schema/MARC21slim.xsd">
      <leader>00000cam  2200613 a 4500</leader>
      <controlfield tag="FMT">BK</controlfield>
      <controlfield tag="LDR">00000cam  2200613 a 4500</controlfield>
      <controlfield tag="001">003929413</controlfield>
      <controlfield tag="003">OCoLC</controlfield>
      <controlfield tag="005">20140131134718.0</controlfield>
      <controlfield tag="008">140131s2009    cc            000 0 chi d</controlfield>
      <datafield tag="020" ind1=" " ind2=" ">
         <subfield code="a">9787505881259</subfield>
      </datafield>
      <datafield tag="020" ind1=" " ind2=" ">
         <subfield code="a">7505881256</subfield>
      </datafield>
      <datafield tag="035" ind1=" " ind2=" ">
         <subfield code="a">(OCoLC)466599783</subfield>
      </datafield>
      <datafield tag="040" ind1=" " ind2=" ">
         <subfield code="a">LWU</subfield>
         <subfield code="c">LWU</subfield>
         <subfield code="d">CNPIT</subfield>
         <subfield code="d">CIBTC</subfield>
         <subfield code="d">LGG</subfield>
         <subfield code="d">UBY</subfield>
         <subfield code="d">OCLCF</subfield>
         <subfield code="d">NNU</subfield>
      </datafield>
      <datafield tag="041" ind1="1" ind2=" ">
         <subfield code="a">chi</subfield>
         <subfield code="b">eng</subfield>
         <subfield code="f">eng</subfield>
      </datafield>
      <datafield tag="043" ind1=" " ind2=" ">
         <subfield code="a">a-cc---</subfield>
      </datafield>
      <datafield tag="050" ind1=" " ind2="4">
         <subfield code="a">PL2458</subfield>
         <subfield code="b">.C48 2009</subfield>
      </datafield>
      <datafield tag="066" ind1=" " ind2=" ">
         <subfield code="c">$1</subfield>
      </datafield>
      <datafield tag="100" ind1="1" ind2=" ">
         <subfield code="6">880-01</subfield>
         <subfield code="a">Chen, Wei.</subfield>
      </datafield>
      <datafield tag="245" ind1="1" ind2="0">
         <subfield code="6">880-02</subfield>
         <subfield code="a">Chu di chu tu zhan guo jian ce (shi si zhong) =</subfield>
         <subfield code="b">Excavated warring states bamboo strip manuscripts from the Chu Region : fourteen collections /</subfield>
         <subfield code="c">Chen Wei deng zhu.</subfield>
      </datafield>
      <datafield tag="246" ind1="3" ind2="1">
         <subfield code="a">Excavated warring states bamboo strip manuscripts from the Chu region</subfield>
      </datafield>
      <datafield tag="250" ind1=" " ind2=" ">
         <subfield code="6">880-03</subfield>
         <subfield code="a">Di 1 ban.</subfield>
      </datafield>
      <datafield tag="260" ind1=" " ind2=" ">
         <subfield code="6">880-04</subfield>
         <subfield code="a">Beijing :</subfield>
         <subfield code="b">Jing ji ke xue chu ban she,</subfield>
         <subfield code="c">2009.</subfield>
      </datafield>
      <datafield tag="300" ind1=" " ind2=" ">
         <subfield code="a">3, 7, 2, 1, 2, 3, 3, 551 p. :</subfield>
         <subfield code="b">ill., map ;</subfield>
         <subfield code="c">25 cm.</subfield>
      </datafield>
      <datafield tag="504" ind1=" " ind2=" ">
         <subfield code="a">Includes bibliographical references (p. 479-547).</subfield>
      </datafield>
      <datafield tag="546" ind1=" " ind2=" ">
         <subfield code="a">Abstract and table of contents also in English.</subfield>
      </datafield>
      <datafield tag="500" ind1=" " ind2=" ">
         <subfield code="6">880-05</subfield>
         <subfield code="a">Jiao yu bu zhe xue she hui ke xue yan jiu zhong da ke ti gong guan xiang mu</subfield>
      </datafield>
      <datafield tag="520" ind1=" " ind2=" ">
         <subfield code="6">880-06</subfield>
         <subfield code="a">Ben shu buao kuo Baoshan, Guodian, Wangshan (2 pi), Jiudian (2 pi), Caojiagang, Zenghouyi, , Changtaiguan, Geling, Wulipai, Yangtianhu, Yangjiawan, Xiyangpo de 14 zhong jia ce zi liao, gong ji zheng jian, can jian 3500 duo mei, zhu jian wen zi jiang jin 50000 ge. Pai lie shang, yi Hubei, Henan, Hunan wei xu; Baoshan, Guodian jian nei rong feng fu, bao cun yi hao, fang zai Hubei suo chu zhu jian ce zhi xian.</subfield>
      </datafield>
      <datafield tag="650" ind1=" " ind2="0">
         <subfield code="a">Inscriptions, Chinese</subfield>
         <subfield code="z">China.</subfield>
      </datafield>
      <datafield tag="650" ind1=" " ind2="0">
         <subfield code="a">Manuscripts, Chinese</subfield>
         <subfield code="z">China.</subfield>
      </datafield>
      <datafield tag="650" ind1=" " ind2="0">
         <subfield code="a">Chinese classics</subfield>
         <subfield code="x">History and criticism.</subfield>
      </datafield>
      <datafield tag="650" ind1=" " ind2="0">
         <subfield code="a">China</subfield>
         <subfield code="x">History</subfield>
         <subfield code="y">Spring and Autumn period, 722-481 B.C.</subfield>
      </datafield>
      <datafield tag="650" ind1=" " ind2="7">
         <subfield code="a">Chinese classics.</subfield>
         <subfield code="2">fast</subfield>
         <subfield code="0">(OCoLC)fst00857323</subfield>
      </datafield>
      <datafield tag="650" ind1=" " ind2="7">
         <subfield code="a">Inscriptions, Chinese.</subfield>
         <subfield code="2">fast</subfield>
         <subfield code="0">(OCoLC)fst00973859</subfield>
      </datafield>
      <datafield tag="650" ind1=" " ind2="7">
         <subfield code="a">Manuscripts, Chinese.</subfield>
         <subfield code="2">fast</subfield>
         <subfield code="0">(OCoLC)fst01008310</subfield>
      </datafield>
      <datafield tag="651" ind1=" " ind2="7">
         <subfield code="a">China.</subfield>
         <subfield code="2">fast</subfield>
         <subfield code="0">(OCoLC)fst01206073</subfield>
      </datafield>
      <datafield tag="655" ind1=" " ind2="7">
         <subfield code="a">Criticism, interpretation, etc.</subfield>
         <subfield code="2">fast</subfield>
         <subfield code="0">(OCoLC)fst01411635</subfield>
      </datafield>
      <datafield tag="880" ind1="1" ind2=" ">
         <subfield code="6">100-01/</subfield>
         <subfield code="a">陳偉.</subfield>
      </datafield>
      <datafield tag="880" ind1="1" ind2="0">
         <subfield code="6">245-02/</subfield>
         <subfield code="a">楚地出土戰國簡册(十四種) =</subfield>
         <subfield code="b">Excavated warring states bamboo strip manuscripts from the Chu Region : fourteen collections /</subfield>
         <subfield code="c">陳偉等著.</subfield>
      </datafield>
      <datafield tag="880" ind1=" " ind2=" ">
         <subfield code="6">250-03/</subfield>
         <subfield code="a">第1版.</subfield>
      </datafield>
      <datafield tag="880" ind1=" " ind2=" ">
         <subfield code="6">260-04/</subfield>
         <subfield code="a">北京 :</subfield>
         <subfield code="b">经济科学出版社,</subfield>
         <subfield code="c">2009.</subfield>
      </datafield>
      <datafield tag="880" ind1=" " ind2=" ">
         <subfield code="6">500-05/</subfield>
         <subfield code="a">教育部哲学社会科学研究重大课题攻关项目</subfield>
      </datafield>
      <datafield tag="880" ind1=" " ind2=" ">
         <subfield code="6">520-06/</subfield>
         <subfield code="a">本书包括包山,郭店,望山(2批),九店(2批),曹家岗,曾侯乙,长台关,葛陵,五里牌,仰天湖,杨家湾,夕阳坡等14种简册资料,共计整简,残简3500多枚,竹简文字将近50000个.排列上,以湖北,河南,湖南为序;包山,郭店简内容丰富,保存亦好,放在湖北所出诸简册之先.</subfield>
      </datafield>
      <datafield tag="994" ind1=" " ind2=" ">
         <subfield code="a">Z0</subfield>
         <subfield code="b">ZYU</subfield>
      </datafield>
      <datafield tag="OWN" ind1=" " ind2=" ">
         <subfield code="a">GENERAL</subfield>
      </datafield>
      <datafield tag="987" ind1=" " ind2=" ">
         <subfield code="a">PINYIN</subfield>
         <subfield code="b">JaToWDT</subfield>
         <subfield code="d">c</subfield>
      </datafield>
      <datafield tag="AVA" ind1=" " ind2=" ">
         <subfield code="a">NYU50</subfield>
         <subfield code="b">NISAW</subfield>
         <subfield code="c">Small Collection</subfield>
         <subfield code="d">PL2448 .C48 2009</subfield>
         <subfield code="e">available</subfield>
         <subfield code="t">Available</subfield>
         <subfield code="f">1</subfield>
         <subfield code="g">0</subfield>
         <subfield code="h">N</subfield>
         <subfield code="i">0</subfield>
         <subfield code="j">SMALL</subfield>
         <subfield code="k">0</subfield>
      </datafield>
      <marc:datafield tag="852" ind1=" " ind2=" ">
         <marc:subfield code="a">New York University</marc:subfield>
         <marc:subfield code="b">Institute for the Study of the Ancient World</marc:subfield>
         <marc:subfield code="c">Small Collection</marc:subfield>
         <marc:subfield code="e">15 East 84th Street</marc:subfield>
         <marc:subfield code="e">New York, NY  10028</marc:subfield>
      </marc:datafield>
   </record>