
  
  
  
  
  
 
  
  <record xsi:schemaLocation="http://www.loc.gov/MARC21/slim http://www.loc.gov/standards/marcxml/schema/MARC21slim.xsd">
      <leader>00000cam a2200541 a 4500</leader>
      <controlfield tag="FMT">BK</controlfield>
      <controlfield tag="LDR">00000cam a2200541 a 4500</controlfield>
      <controlfield tag="001">003928888</controlfield>
      <controlfield tag="003">OCoLC</controlfield>
      <controlfield tag="005">20140212082800.0</controlfield>
      <controlfield tag="008">140130s2014    ne a     b    011 0 eng</controlfield>
      <datafield tag="010" ind1=" " ind2=" ">
         <subfield code="a">2013031397</subfield>
      </datafield>
      <datafield tag="020" ind1=" " ind2=" ">
         <subfield code="a">9789004260740 (hardback : alk. paper)</subfield>
      </datafield>
      <datafield tag="020" ind1=" " ind2=" ">
         <subfield code="a">9004260749 (hardback : alk. paper)</subfield>
      </datafield>
      <datafield tag="020" ind1=" " ind2=" ">
         <subfield code="a">9789004260757 (e-book : alk. paper)</subfield>
      </datafield>
      <datafield tag="020" ind1=" " ind2=" ">
         <subfield code="a">9004260757 (e-book : alk. paper)</subfield>
      </datafield>
      <datafield tag="035" ind1=" " ind2=" ">
         <subfield code="a">(OCoLC)857717695</subfield>
      </datafield>
      <datafield tag="040" ind1=" " ind2=" ">
         <subfield code="a">DLC</subfield>
         <subfield code="b">eng</subfield>
         <subfield code="c">DLC</subfield>
         <subfield code="d">OCLCO</subfield>
         <subfield code="d">YDXCP</subfield>
         <subfield code="d">OHX</subfield>
         <subfield code="d">CDX</subfield>
         <subfield code="d">CGU</subfield>
         <subfield code="d">COO</subfield>
         <subfield code="d">NNU</subfield>
      </datafield>
      <datafield tag="041" ind1="0" ind2=" ">
         <subfield code="a">eng</subfield>
         <subfield code="a">fre</subfield>
         <subfield code="a">ger</subfield>
      </datafield>
      <datafield tag="042" ind1=" " ind2=" ">
         <subfield code="a">pcc</subfield>
      </datafield>
      <datafield tag="043" ind1=" " ind2=" ">
         <subfield code="a">aw-----</subfield>
      </datafield>
      <datafield tag="050" ind1="0" ind2="0">
         <subfield code="a">PJ3126.S56</subfield>
         <subfield code="b">H42 2014</subfield>
      </datafield>
      <datafield tag="072" ind1=" " ind2="7">
         <subfield code="a">PJ</subfield>
         <subfield code="2">lcco</subfield>
      </datafield>
      <datafield tag="082" ind1="0" ind2="0">
         <subfield code="a">892/.1</subfield>
         <subfield code="2">23</subfield>
      </datafield>
      <datafield tag="245" ind1="0" ind2="0">
         <subfield code="a">He has opened Nisaba's house of learning :</subfield>
         <subfield code="b">studies in honor of Åke Waldemar Sjöberg on the occasion of his 89th birthday on August 1st 2013 /</subfield>
         <subfield code="c">edited by Leonhard Sassmannshausen in collaboration with Georg Neumann.</subfield>
      </datafield>
      <datafield tag="260" ind1=" " ind2=" ">
         <subfield code="a">Leiden ;</subfield>
         <subfield code="a">Boston :</subfield>
         <subfield code="b">Brill,</subfield>
         <subfield code="c">2014.</subfield>
      </datafield>
      <datafield tag="300" ind1=" " ind2=" ">
         <subfield code="a">x, 319 p. :</subfield>
         <subfield code="b">ill. ;</subfield>
         <subfield code="c">25 cm.</subfield>
      </datafield>
      <datafield tag="490" ind1="1" ind2=" ">
         <subfield code="a">Cuneiform monographs,</subfield>
         <subfield code="x">0929-0052 ;</subfield>
         <subfield code="v">v. 46</subfield>
      </datafield>
      <datafield tag="546" ind1=" " ind2=" ">
         <subfield code="a">Contributions in English, French, or German.</subfield>
      </datafield>
      <datafield tag="504" ind1=" " ind2=" ">
         <subfield code="a">Includes bibliographical references and index.</subfield>
      </datafield>
      <datafield tag="504" ind1=" " ind2=" ">
         <subfield code="a">Publications of Å.W. Sjöberg: p. [ix]-x.</subfield>
      </datafield>
      <datafield tag="505" ind1="0" ind2="0">
         <subfield code="t">Listen to the roaring ox : K 7674+, on some proverbial sayings from the Neo-Assyrian Period. Studies in bilingual proverbs III /</subfield>
         <subfield code="r">Bendt Alster --</subfield>
         <subfield code="t">IAS 298 und IAS 328 /</subfield>
         <subfield code="r">Josef Bauer --</subfield>
         <subfield code="t">Vizir, concubine, entonnoir...Comment lire et comprendre le signe SAL.ḪUB2? /</subfield>
         <subfield code="r">Antoine Cavigneaux, Frans Wiggermann --</subfield>
         <subfield code="t">New piece of an Inanna/Dumuzi lamentation /</subfield>
         <subfield code="r">Mark E. Cohen --</subfield>
         <subfield code="t">Diorite and limestone : a Sumerian perspective /</subfield>
         <subfield code="r">Benjamin R. Foster --</subfield>
         <subfield code="t">Slaves and strangers /</subfield>
         <subfield code="r">William W. Hallo --</subfield>
         <subfield code="t">Two lullabies /</subfield>
         <subfield code="r">Margaret Jaques --</subfield>
         <subfield code="t">Zum altassyrischen Eherecht /</subfield>
         <subfield code="r">Burkhart Kienast --</subfield>
         <subfield code="t">"Stars (of) heaven" and cuneiform writing /</subfield>
         <subfield code="r">Jacob Klein, Yitschak Sefati --</subfield>
         <subfield code="t">Rejected sheep /</subfield>
         <subfield code="r">Erle Leichty, Ann Guinan --</subfield>
         <subfield code="t">Modèle culturel sumerien : l'élevage /</subfield>
         <subfield code="r">Henri Limet --</subfield>
         <subfield code="t">Zur Archäologie der Schrift : die Erfindung des Rebusprinzips in protoschriftlicher Zeit /</subfield>
         <subfield code="r">Ludwig D. Morenz --</subfield>
         <subfield code="t">Überlegungen zu den "Graeco-Babyloniaca" /</subfield>
         <subfield code="r">Joachim Oelsner --</subfield>
         <subfield code="t">Kassitischen Herrscher und ihre Namen /</subfield>
         <subfield code="r">Leonhard Sassmannshausen --</subfield>
         <subfield code="t">Dumuzi(d)s Wiederkehr? /</subfield>
         <subfield code="r">Gebhard J. Selz --</subfield>
         <subfield code="t">(TS)Š 302, eine Importtafel aus Uruk in Šuruppak? /</subfield>
         <subfield code="r">Horst Steible, Fatma Yıldız --</subfield>
         <subfield code="t">Four and a half "Quasi-Hüllentafeln" /</subfield>
         <subfield code="r">Gabriella Voet, Karel Van Lerberghe --</subfield>
         <subfield code="t">Ear and its wisdom /</subfield>
         <subfield code="r">Joan Goodnick Westenholz --</subfield>
         <subfield code="t">Dreams as gods and gods in dreams : dream-realities in ancient Mesopotamia from the 3rd to the 1st millennium B.C. /</subfield>
         <subfield code="r">Annette Zgol..</subfield>
      </datafield>
      <datafield tag="650" ind1=" " ind2="0">
         <subfield code="a">Akkadian philology.</subfield>
      </datafield>
      <datafield tag="650" ind1=" " ind2="0">
         <subfield code="a">Sumerian philology.</subfield>
      </datafield>
      <datafield tag="650" ind1=" " ind2="0">
         <subfield code="a">Sumerians.</subfield>
      </datafield>
      <datafield tag="651" ind1=" " ind2="0">
         <subfield code="a">Middle East</subfield>
         <subfield code="x">Civilization</subfield>
         <subfield code="y">To 622.</subfield>
      </datafield>
      <datafield tag="700" ind1="1" ind2=" ">
         <subfield code="a">Sjöberg, Åke W.</subfield>
         <subfield code="e">honoree.</subfield>
      </datafield>
      <datafield tag="700" ind1="1" ind2=" ">
         <subfield code="a">Sassmannshausen, Leonhard</subfield>
         <subfield code="e">ed.</subfield>
      </datafield>
      <datafield tag="700" ind1="1" ind2=" ">
         <subfield code="a">Neumann, Georg</subfield>
         <subfield code="e">ed.</subfield>
      </datafield>
      <datafield tag="776" ind1="0" ind2=" ">
         <subfield code="w">(GyWOH)har135027404</subfield>
      </datafield>
      <datafield tag="830" ind1=" " ind2="0">
         <subfield code="a">Cuneiform monographs ;</subfield>
         <subfield code="v">46.</subfield>
      </datafield>
      <datafield tag="994" ind1=" " ind2=" ">
         <subfield code="a">Z0</subfield>
         <subfield code="b">ZYU</subfield>
      </datafield>
      <datafield tag="OWN" ind1=" " ind2=" ">
         <subfield code="a">GENERAL</subfield>
      </datafield>
      <datafield tag="AVA" ind1=" " ind2=" ">
         <subfield code="a">NYU50</subfield>
         <subfield code="b">BOBST</subfield>
         <subfield code="c">Main Collection</subfield>
         <subfield code="d">PJ3126.S56 H42 2014</subfield>
         <subfield code="e">available</subfield>
         <subfield code="t">Available</subfield>
         <subfield code="f">1</subfield>
         <subfield code="g">0</subfield>
         <subfield code="h">N</subfield>
         <subfield code="i">0</subfield>
         <subfield code="j">MAIN</subfield>
         <subfield code="k">0</subfield>
      </datafield>
      <datafield tag="AVA" ind1=" " ind2=" ">
         <subfield code="a">NYU50</subfield>
         <subfield code="b">NISAW</subfield>
         <subfield code="c">Small Collection</subfield>
         <subfield code="d">PJ3126.S56 H42 2014</subfield>
         <subfield code="e">available</subfield>
         <subfield code="t">Available</subfield>
         <subfield code="f">1</subfield>
         <subfield code="g">0</subfield>
         <subfield code="h">N</subfield>
         <subfield code="i">0</subfield>
         <subfield code="j">SMALL</subfield>
         <subfield code="k">0</subfield>
      </datafield>
      <marc:datafield tag="852" ind1=" " ind2=" ">
         <marc:subfield code="a">New York University</marc:subfield>
         <marc:subfield code="b">Institute for the Study of the Ancient World</marc:subfield>
         <marc:subfield code="c">Small Collection</marc:subfield>
         <marc:subfield code="e">15 East 84th Street</marc:subfield>
         <marc:subfield code="e">New York, NY  10028</marc:subfield>
      </marc:datafield>
   </record>