
  
  
  
  
  
 
  
  <record xsi:schemaLocation="http://www.loc.gov/MARC21/slim http://www.loc.gov/standards/marcxml/schema/MARC21slim.xsd">
      <leader>00000cem a2200313 a 4500</leader>
      <controlfield tag="FMT">MP</controlfield>
      <controlfield tag="LDR">00000cem a2200313 a 4500</controlfield>
      <controlfield tag="001">003929312</controlfield>
      <controlfield tag="003">OCoLC</controlfield>
      <controlfield tag="005">20140131102350.0</controlfield>
      <controlfield tag="007">aj aanzn</controlfield>
      <controlfield tag="008">140131s1977    gw        e     1   eng d</controlfield>
      <datafield tag="034" ind1="1" ind2=" ">
         <subfield code="a">a</subfield>
         <subfield code="b">1000000</subfield>
         <subfield code="d">E0250000</subfield>
         <subfield code="e">E0600000</subfield>
         <subfield code="f">N0280000</subfield>
         <subfield code="g">N0420000</subfield>
      </datafield>
      <datafield tag="035" ind1=" " ind2=" ">
         <subfield code="a">(OCoLC)221286446</subfield>
      </datafield>
      <datafield tag="040" ind1=" " ind2=" ">
         <subfield code="a">AU@</subfield>
         <subfield code="b">eng</subfield>
         <subfield code="c">AU@</subfield>
         <subfield code="d">OCLCQ</subfield>
         <subfield code="d">NNU</subfield>
      </datafield>
      <datafield tag="041" ind1="0" ind2=" ">
         <subfield code="a">eng</subfield>
         <subfield code="a">ger</subfield>
      </datafield>
      <datafield tag="043" ind1=" " ind2=" ">
         <subfield code="a">aw-----</subfield>
      </datafield>
      <datafield tag="050" ind1=" " ind2="4">
         <subfield code="a">G2205</subfield>
         <subfield code="b">.B47 1977</subfield>
      </datafield>
      <datafield tag="100" ind1="1" ind2=" ">
         <subfield code="a">Berg, Wilhelm.</subfield>
      </datafield>
      <datafield tag="245" ind1="1" ind2="0">
         <subfield code="a">Historic map of ancient Near and Middle East =</subfield>
         <subfield code="b">Historische Karte des alten nahen und mittleren Orients /</subfield>
         <subfield code="c">Wilhelm Berg.</subfield>
      </datafield>
      <datafield tag="246" ind1="3" ind2="1">
         <subfield code="a">Historische Karte des alten nahen und mittleren Orients</subfield>
      </datafield>
      <datafield tag="250" ind1=" " ind2=" ">
         <subfield code="a">1. Aufl.</subfield>
      </datafield>
      <datafield tag="255" ind1=" " ind2=" ">
         <subfield code="a">Scale 1:1,000,000</subfield>
         <subfield code="c">(25°--60°E. of Gr., 28°--42°N.L.).</subfield>
      </datafield>
      <datafield tag="260" ind1=" " ind2=" ">
         <subfield code="a">Fischbachau-Aurach :</subfield>
         <subfield code="b">W. Berg,</subfield>
         <subfield code="c">[1977]</subfield>
      </datafield>
      <datafield tag="300" ind1=" " ind2=" ">
         <subfield code="a">64 maps ;</subfield>
         <subfield code="c">30 x 42 cm., folded to 30 x 21 cm., in portfolio 30 cm. +</subfield>
         <subfield code="e">1 index (66 p. ; 30 cm.)</subfield>
      </datafield>
      <datafield tag="546" ind1=" " ind2=" ">
         <subfield code="a">Text in English and German.</subfield>
      </datafield>
      <datafield tag="500" ind1=" " ind2=" ">
         <subfield code="a">"Hist. size: Prehistory until expansion of Islam; with general map and indexes of modern and historical names"--P. [1] of index.</subfield>
      </datafield>
      <datafield tag="500" ind1=" " ind2=" ">
         <subfield code="a">Includes index and glossary.</subfield>
      </datafield>
      <datafield tag="500" ind1=" " ind2=" ">
         <subfield code="a">Limited ed. of 500 copies handnumbered and signed by the author.</subfield>
      </datafield>
      <datafield tag="650" ind1=" " ind2="0">
         <subfield code="a">Names, Geographical</subfield>
         <subfield code="z">Middle East.</subfield>
      </datafield>
      <datafield tag="651" ind1=" " ind2="0">
         <subfield code="a">Middle East</subfield>
         <subfield code="x">Historical geography</subfield>
         <subfield code="v">Maps.</subfield>
      </datafield>
      <datafield tag="651" ind1=" " ind2="0">
         <subfield code="a">Middle East</subfield>
         <subfield code="v">Maps.</subfield>
      </datafield>
      <datafield tag="994" ind1=" " ind2=" ">
         <subfield code="a">Z0</subfield>
         <subfield code="b">ZYU</subfield>
      </datafield>
      <datafield tag="OWN" ind1=" " ind2=" ">
         <subfield code="a">GENERAL</subfield>
      </datafield>
      <datafield tag="936" ind1=" " ind2=" ">
         <subfield code="a">PR 3860011</subfield>
      </datafield>
      <datafield tag="AVA" ind1=" " ind2=" ">
         <subfield code="a">NYU50</subfield>
         <subfield code="b">NISAW</subfield>
         <subfield code="c">Oversize Collection</subfield>
         <subfield code="d">G2205 .B47 1977</subfield>
         <subfield code="e">available</subfield>
         <subfield code="t">Available</subfield>
         <subfield code="f">1</subfield>
         <subfield code="g">0</subfield>
         <subfield code="h">N</subfield>
         <subfield code="i">0</subfield>
         <subfield code="j">OVERZ</subfield>
         <subfield code="k">0</subfield>
      </datafield>
      <marc:datafield tag="852" ind1=" " ind2=" ">
         <marc:subfield code="a">New York University</marc:subfield>
         <marc:subfield code="b">Institute for the Study of the Ancient World</marc:subfield>
         <marc:subfield code="c">Oversize Collection</marc:subfield>
         <marc:subfield code="e">15 East 84th Street</marc:subfield>
         <marc:subfield code="e">New York, NY  10028</marc:subfield>
      </marc:datafield>
   </record>