
  
  
  
  
  
  
 
  
  <record xsi:schemaLocation="http://www.loc.gov/MARC21/slim http://www.loc.gov/standards/marcxml/schema/MARC21slim.xsd">
      <leader>00000cem a2200421 a 4500</leader>
      <controlfield tag="FMT">MP</controlfield>
      <controlfield tag="LDR">00000cem a2200421 a 4500</controlfield>
      <controlfield tag="001">003929325</controlfield>
      <controlfield tag="003">OCoLC</controlfield>
      <controlfield tag="005">20140131101554.0</controlfield>
      <controlfield tag="007">ad canzn</controlfield>
      <controlfield tag="008">140131s1973    gw        e     1   ger</controlfield>
      <datafield tag="010" ind1=" " ind2=" ">
         <subfield code="a">75401808</subfield>
      </datafield>
      <datafield tag="015" ind1=" " ind2=" ">
         <subfield code="a">GFR***</subfield>
      </datafield>
      <datafield tag="020" ind1=" " ind2=" ">
         <subfield code="a">3921255015</subfield>
      </datafield>
      <datafield tag="035" ind1=" " ind2=" ">
         <subfield code="a">(OCoLC)2728142</subfield>
      </datafield>
      <datafield tag="040" ind1=" " ind2=" ">
         <subfield code="a">DLC</subfield>
         <subfield code="b">eng</subfield>
         <subfield code="c">DLC</subfield>
         <subfield code="d">OCL</subfield>
         <subfield code="d">OCLCO</subfield>
         <subfield code="d">OCLCF</subfield>
         <subfield code="d">NNU</subfield>
      </datafield>
      <datafield tag="043" ind1=" " ind2=" ">
         <subfield code="a">f-ua---</subfield>
         <subfield code="a">f-sj---</subfield>
      </datafield>
      <datafield tag="050" ind1=" " ind2="4">
         <subfield code="a">G2490</subfield>
         <subfield code="b">.B47 1973</subfield>
      </datafield>
      <datafield tag="082" ind1="0" ind2="0">
         <subfield code="a">913.32</subfield>
      </datafield>
      <datafield tag="100" ind1="1" ind2=" ">
         <subfield code="a">Berg, Wilhelm.</subfield>
      </datafield>
      <datafield tag="245" ind1="1" ind2="0">
         <subfield code="a">Historische Karte des alten Ägypten /</subfield>
         <subfield code="c">Wilhelm Berg.</subfield>
      </datafield>
      <datafield tag="255" ind1=" " ind2=" ">
         <subfield code="a">Scale 1:500,000.</subfield>
      </datafield>
      <datafield tag="260" ind1=" " ind2=" ">
         <subfield code="a">St. Augustin :</subfield>
         <subfield code="b">H. Richarz,</subfield>
         <subfield code="c">c1973.</subfield>
      </datafield>
      <datafield tag="300" ind1=" " ind2=" ">
         <subfield code="a">51 maps :</subfield>
         <subfield code="b">chiefly col. ;</subfield>
         <subfield code="c">30 x 21 cm., in portfolio 31 cm. +</subfield>
         <subfield code="e">2 v. (76 p. ; 21 cm.)</subfield>
      </datafield>
      <datafield tag="500" ind1=" " ind2=" ">
         <subfield code="a">Maps and 2 accompanying booklets issued in 1 portfolio.</subfield>
      </datafield>
      <datafield tag="500" ind1=" " ind2=" ">
         <subfield code="a">"Mit Übersichtskarte, Namenregister und Hinweisen zur Identifizierung der historischen Ortsnamen."</subfield>
      </datafield>
      <datafield tag="504" ind1=" " ind2=" ">
         <subfield code="a">Includes bibliographical references (v. 1, p. 50) and indexes.</subfield>
      </datafield>
      <datafield tag="505" ind1="0" ind2=" ">
         <subfield code="a">T. 1. Nil von Aswan bis zum Mittelmeer, Ostwüste, Sinai Halbinsel und Oase Charga -- T. 2. Wad Medani (blauer Nil) über Chartum bis Aswan.</subfield>
      </datafield>
      <datafield tag="650" ind1=" " ind2="0">
         <subfield code="a">Names, Geographical</subfield>
         <subfield code="z">Egypt.</subfield>
      </datafield>
      <datafield tag="650" ind1=" " ind2="0">
         <subfield code="a">Names, Geographical</subfield>
         <subfield code="z">Sudan.</subfield>
      </datafield>
      <datafield tag="651" ind1=" " ind2="0">
         <subfield code="a">Egypt</subfield>
         <subfield code="x">Historical geography</subfield>
         <subfield code="v">Maps.</subfield>
      </datafield>
      <datafield tag="651" ind1=" " ind2="0">
         <subfield code="a">Egypt</subfield>
         <subfield code="v">Maps.</subfield>
      </datafield>
      <datafield tag="651" ind1=" " ind2="0">
         <subfield code="a">Sudan</subfield>
         <subfield code="x">Historical geography</subfield>
         <subfield code="v">Maps.</subfield>
      </datafield>
      <datafield tag="651" ind1=" " ind2="0">
         <subfield code="a">Sudan</subfield>
         <subfield code="v">Maps.</subfield>
      </datafield>
      <datafield tag="650" ind1=" " ind2="7">
         <subfield code="a">Names, Geographical.</subfield>
         <subfield code="2">fast</subfield>
         <subfield code="0">(OCoLC)fst01032409</subfield>
      </datafield>
      <datafield tag="651" ind1=" " ind2="7">
         <subfield code="a">Egypt.</subfield>
         <subfield code="2">fast</subfield>
         <subfield code="0">(OCoLC)fst01208755</subfield>
      </datafield>
      <datafield tag="655" ind1=" " ind2="7">
         <subfield code="a">Maps.</subfield>
         <subfield code="2">fast</subfield>
         <subfield code="0">(OCoLC)fst01423704</subfield>
      </datafield>
      <datafield tag="994" ind1=" " ind2=" ">
         <subfield code="a">Z0</subfield>
         <subfield code="b">ZYU</subfield>
      </datafield>
      <datafield tag="OWN" ind1=" " ind2=" ">
         <subfield code="a">GENERAL</subfield>
      </datafield>
      <datafield tag="936" ind1=" " ind2=" ">
         <subfield code="a">PR 195569375</subfield>
      </datafield>
      <datafield tag="AVA" ind1=" " ind2=" ">
         <subfield code="a">NYU50</subfield>
         <subfield code="b">NISAW</subfield>
         <subfield code="c">Oversize Collection</subfield>
         <subfield code="d">G2490 .B47 1973</subfield>
         <subfield code="e">available</subfield>
         <subfield code="t">Available</subfield>
         <subfield code="f">1</subfield>
         <subfield code="g">0</subfield>
         <subfield code="h">N</subfield>
         <subfield code="i">0</subfield>
         <subfield code="j">OVERZ</subfield>
         <subfield code="k">0</subfield>
      </datafield>
      <marc:datafield tag="852" ind1=" " ind2=" ">
         <marc:subfield code="a">New York University</marc:subfield>
         <marc:subfield code="b">Institute for the Study of the Ancient World</marc:subfield>
         <marc:subfield code="c">Oversize Collection</marc:subfield>
         <marc:subfield code="e">15 East 84th Street</marc:subfield>
         <marc:subfield code="e">New York, NY  10028</marc:subfield>
      </marc:datafield>
   </record>