
  
  
  
  
  
 
  
  <record xsi:schemaLocation="http://www.loc.gov/MARC21/slim http://www.loc.gov/standards/marcxml/schema/MARC21slim.xsd">
      <leader>00000cem  2200505 a 4500</leader>
      <controlfield tag="FMT">MP</controlfield>
      <controlfield tag="LDR">00000cem  2200505 a 4500</controlfield>
      <controlfield tag="001">003917871</controlfield>
      <controlfield tag="003">OCoLC</controlfield>
      <controlfield tag="005">20140113152011.0</controlfield>
      <controlfield tag="006">aab         001 0</controlfield>
      <controlfield tag="008">140113m19929999cc        e     1   chi d</controlfield>
      <datafield tag="020" ind1=" " ind2=" ">
         <subfield code="a">9787807484493 (v. 1)</subfield>
      </datafield>
      <datafield tag="020" ind1=" " ind2=" ">
         <subfield code="a">9787503117657 (v. 2)</subfield>
      </datafield>
      <datafield tag="020" ind1=" " ind2=" ">
         <subfield code="a">9787503113311 (v. 3)</subfield>
      </datafield>
      <datafield tag="020" ind1=" " ind2=" ">
         <subfield code="a">9787501023950 (v. 4)</subfield>
      </datafield>
      <datafield tag="020" ind1=" " ind2=" ">
         <subfield code="a">9787501024162 (v. 5)</subfield>
      </datafield>
      <datafield tag="020" ind1=" " ind2=" ">
         <subfield code="a">9787501029488 (v. 6)</subfield>
      </datafield>
      <datafield tag="020" ind1=" " ind2=" ">
         <subfield code="a">9787806704301 (v. 7)</subfield>
      </datafield>
      <datafield tag="020" ind1=" " ind2=" ">
         <subfield code="a">9787805521862 (v. 8)</subfield>
      </datafield>
      <datafield tag="020" ind1=" " ind2=" ">
         <subfield code="a">9787503141966 (v. 9)</subfield>
      </datafield>
      <datafield tag="020" ind1=" " ind2=" ">
         <subfield code="a">9787503022760 (v. 10)</subfield>
      </datafield>
      <datafield tag="020" ind1=" " ind2=" ">
         <subfield code="a">9787806702253 (v. 11)</subfield>
      </datafield>
      <datafield tag="020" ind1=" " ind2=" ">
         <subfield code="a">9787501034710 (v. 12)</subfield>
      </datafield>
      <datafield tag="020" ind1=" " ind2=" ">
         <subfield code="a">9787503144486 (v. 13)</subfield>
      </datafield>
      <datafield tag="020" ind1=" " ind2=" ">
         <subfield code="a">9787501030583 (v. 14)</subfield>
      </datafield>
      <datafield tag="020" ind1=" " ind2=" ">
         <subfield code="a">9787805168296 (v. 15)</subfield>
      </datafield>
      <datafield tag="020" ind1=" " ind2=" ">
         <subfield code="a">9787503142055 (v. 16)</subfield>
      </datafield>
      <datafield tag="020" ind1=" " ind2=" ">
         <subfield code="a">9787805456560 (v. 17)</subfield>
      </datafield>
      <datafield tag="020" ind1=" " ind2=" ">
         <subfield code="a">9787501030972 (v. 18)</subfield>
      </datafield>
      <datafield tag="020" ind1=" " ind2=" ">
         <subfield code="a">9787501037162 (v. 19)</subfield>
      </datafield>
      <datafield tag="020" ind1=" " ind2=" ">
         <subfield code="a">9787030219626 (v. 20)</subfield>
      </datafield>
      <datafield tag="034" ind1="0" ind2=" ">
         <subfield code="a">a</subfield>
      </datafield>
      <datafield tag="035" ind1=" " ind2=" ">
         <subfield code="a">(OCoLC)34632524</subfield>
         <subfield code="z">(OCoLC)45158545</subfield>
      </datafield>
      <datafield tag="040" ind1=" " ind2=" ">
         <subfield code="a">CLU</subfield>
         <subfield code="b">eng</subfield>
         <subfield code="c">CLU</subfield>
         <subfield code="d">OCLCQ</subfield>
      </datafield>
      <datafield tag="041" ind1="0" ind2=" ">
         <subfield code="a">chi</subfield>
         <subfield code="h">eng</subfield>
      </datafield>
      <datafield tag="043" ind1=" " ind2=" ">
         <subfield code="a">a-cc---</subfield>
      </datafield>
      <datafield tag="050" ind1=" " ind2="4">
         <subfield code="a">G2306.E1</subfield>
         <subfield code="b">C5 1992</subfield>
      </datafield>
      <datafield tag="066" ind1=" " ind2=" ">
         <subfield code="c">$1</subfield>
      </datafield>
      <datafield tag="110" ind1="1" ind2=" ">
         <subfield code="a">China.</subfield>
         <subfield code="b">Guo jia wen wu ju</subfield>
         <subfield code="6">880-01</subfield>
      </datafield>
      <datafield tag="245" ind1="1" ind2="0">
         <subfield code="6">880-02</subfield>
         <subfield code="a">Zhongguo wen wu di tu ji /</subfield>
         <subfield code="c">Guo jia wen wu ju zhu bian.</subfield>
      </datafield>
      <datafield tag="246" ind1="1" ind2=" ">
         <subfield code="i">English title in preface:</subfield>
         <subfield code="a">Atlas of Chinese cultural relics</subfield>
      </datafield>
      <datafield tag="250" ind1=" " ind2=" ">
         <subfield code="6">880-03</subfield>
         <subfield code="a">Di 1 ban.</subfield>
      </datafield>
      <datafield tag="255" ind1=" " ind2=" ">
         <subfield code="a">Scales differ.</subfield>
      </datafield>
      <datafield tag="260" ind1=" " ind2=" ">
         <subfield code="6">880-04</subfield>
         <subfield code="a">[Guangdong Sheng] :</subfield>
         <subfield code="b">Guangdong Sheng di tu chu ban she,</subfield>
         <subfield code="c">1992-</subfield>
      </datafield>
      <datafield tag="300" ind1=" " ind2=" ">
         <subfield code="a">v. :</subfield>
         <subfield code="b">col. ill., col. maps ;</subfield>
         <subfield code="c">27 cm.</subfield>
      </datafield>
      <datafield tag="546" ind1=" " ind2=" ">
         <subfield code="a">Preface, notes on the use of the atlas, and table of contents also in English.</subfield>
      </datafield>
      <datafield tag="520" ind1=" " ind2=" ">
         <subfield code="6">880-05</subfield>
         <subfield code="a">Gai tu ji you Guo jia wen wu ju bian zhu, Guangdong di tu chu ban she, Zhongguo da bai ke quan shu chu ban she, Wen wu chu ban she deng duo jia chu ban she lian he chu ban. Gai shu li tu yun yong di tu xing shi, dui quan guo ge sheng, zi zhi qu li ci wen wu diao cha suo huo da liang zi liao jing xing ke xue gai kuo, zong he fan ying Zhongguo wen wu gong zuo zhong yi you de xue shu cheng guo he xin de zhong da fa xian, quan mian ji lu Zhongguo jing nei yi zhi xian cun de bu ke yi dong wen wu de zhuang kuang, yi chong fen fa hui ta men de zuo yong.</subfield>
      </datafield>
      <datafield tag="505" ind1="0" ind2=" ">
         <subfield code="6">880-06</subfield>
         <subfield code="a">Liaoning (Shang xia ce) -- Qinghai -- Jilin -- Zhejiang (Shang xia ce) -- Sichuang (Shang zhong xia ce) -- 重庆 (Shang xia ce) -- Neimenggu zizhiqu (Shang xia ce) -- Hu'nan -- Shandong (Shang xia ce) -- Gansu (Shang xia ce) -- Hubei (Shang xia ce) -- Xinjiang Weiwuer zizhiqu (Shang xia ce) -- Jiangsu (Shang xia ce) -- Ningxia Huizu zizhiqu -- Fujian (Xhang xia ce) -- Shanxi (Shang zhong xia ce) --Shannxi (Shang xia ce) -- Xizang zizhiqu (shang xia ce) --Hebei (Shang zhong xia ce) --Beijing (Shang xia ce)</subfield>
      </datafield>
      <datafield tag="500" ind1=" " ind2=" ">
         <subfield code="a">Includes index.</subfield>
      </datafield>
      <datafield tag="500" ind1=" " ind2=" ">
         <subfield code="6">880-07</subfield>
         <subfield code="a">Xizang zizhiqu, Chongqin, Sichuan, Hebei fen ce fu you DVD-ROM.</subfield>
      </datafield>
      <datafield tag="651" ind1=" " ind2="0">
         <subfield code="a">China</subfield>
         <subfield code="x">Antiquities</subfield>
         <subfield code="v">Maps.</subfield>
      </datafield>
      <datafield tag="651" ind1=" " ind2="0">
         <subfield code="a">Excavations (Archaeology)</subfield>
         <subfield code="z">China</subfield>
         <subfield code="v">Maps.</subfield>
      </datafield>
      <datafield tag="776" ind1="0" ind2="8">
         <subfield code="i">Online version:</subfield>
         <subfield code="a">China. Guo jia wen wu ju.</subfield>
         <subfield code="t">Zhongguo wen wu di tu ji.</subfield>
         <subfield code="b">Di 1 ban.</subfield>
         <subfield code="d">[Canton?] : Guangdong sheng di tu chu ban she, 1989-</subfield>
         <subfield code="w">(OCoLC)654361755</subfield>
      </datafield>
      <datafield tag="880" ind1="1" ind2=" ">
         <subfield code="6">110-01/</subfield>
         <subfield code="a">China.</subfield>
         <subfield code="b">国家文物局.</subfield>
      </datafield>
      <datafield tag="880" ind1="1" ind2="0">
         <subfield code="6">245-02/</subfield>
         <subfield code="a">中国文物地图集 /</subfield>
         <subfield code="c">国家文物局主编.</subfield>
      </datafield>
      <datafield tag="880" ind1=" " ind2=" ">
         <subfield code="6">250-03/</subfield>
         <subfield code="a">第1版.</subfield>
      </datafield>
      <datafield tag="880" ind1=" " ind2=" ">
         <subfield code="6">260-04/</subfield>
         <subfield code="a">[广东省] :</subfield>
         <subfield code="b">广东省地图出版社,</subfield>
         <subfield code="c">1989-</subfield>
      </datafield>
      <datafield tag="880" ind1=" " ind2=" ">
         <subfield code="6">520-05/</subfield>
         <subfield code="a">该图集由国家文物局编著, 广东地图出版社, 中国大百科全书出版社, 文物出版社等多家出版社联合出版. 该书力图运用地图形式, 对全国各省, 自治区历次文物调查所获大量资料进行科学概括, 综合反映中国文物工作中已有的学术成果和新的重大发现, 全面记录中国境内已知现存的不可移动文物的状况, 以充分发挥它们的作用.</subfield>
      </datafield>
      <datafield tag="880" ind1="0" ind2=" ">
         <subfield code="6">505-06/</subfield>
         <subfield code="a">辽宁 (上下册) -- 青海 -- 吉林 -- 浙江 (上下册) -- 四川 (上中下册) -- 重庆 (上下册) -- 内蒙古自治区 (上下册) -- 湖南 -- 山东 (上下册) -- 甘肃 (上下册) -- 湖北 (上下册) -- 新疆维吾尔自治区 (上下册) -- 江苏 (上下册) -- 宁夏回族自治区 -- 福建 (上下册) -- 山西 (上中下) --陕西 (上下册) -- 西藏自治区 (上下册) --河北 (上中下) --北京 (上下册)</subfield>
      </datafield>
      <datafield tag="880" ind1=" " ind2=" ">
         <subfield code="6">500-07/</subfield>
         <subfield code="a">西藏自治区, 重庆, 四川, 河北分冊附有光盘DVD-ROM.</subfield>
      </datafield>
      <datafield tag="994" ind1=" " ind2=" ">
         <subfield code="a">Z0</subfield>
         <subfield code="b">ZYU</subfield>
      </datafield>
      <datafield tag="OWN" ind1=" " ind2=" ">
         <subfield code="a">GENERAL</subfield>
      </datafield>
      <datafield tag="AVA" ind1=" " ind2=" ">
         <subfield code="a">NYU50</subfield>
         <subfield code="b">NISAW</subfield>
         <subfield code="c">Reference 5 Collection</subfield>
         <subfield code="d">G2306.E1 C5 1992</subfield>
         <subfield code="e">available</subfield>
         <subfield code="t">Available</subfield>
         <subfield code="f">38</subfield>
         <subfield code="g">0</subfield>
         <subfield code="h">Y</subfield>
         <subfield code="i">0</subfield>
         <subfield code="j">REF5</subfield>
         <subfield code="k">0</subfield>
      </datafield>
      <marc:datafield tag="852" ind1=" " ind2=" ">
         <marc:subfield code="a">New York University</marc:subfield>
         <marc:subfield code="b">Institute for the Study of the Ancient World</marc:subfield>
         <marc:subfield code="c">Reference 5 Collection</marc:subfield>
         <marc:subfield code="e">15 East 84th Street</marc:subfield>
         <marc:subfield code="e">New York, NY  10028</marc:subfield>
      </marc:datafield>
   </record>