
  
  
  
  
  
  
 
  
  <record xsi:schemaLocation="http://www.loc.gov/MARC21/slim http://www.loc.gov/standards/marcxml/schema/MARC21slim.xsd">
      <leader>00000cem a2200289 a 4500</leader>
      <controlfield tag="FMT">MP</controlfield>
      <controlfield tag="LDR">00000cem a2200289 a 4500</controlfield>
      <controlfield tag="001">003926125</controlfield>
      <controlfield tag="003">OCoLC</controlfield>
      <controlfield tag="005">20140123111956.0</controlfield>
      <controlfield tag="007">ad canzn</controlfield>
      <controlfield tag="008">140123s1904    gw b      e     0   ger d</controlfield>
      <datafield tag="034" ind1="0" ind2=" ">
         <subfield code="a">a</subfield>
      </datafield>
      <datafield tag="035" ind1=" " ind2=" ">
         <subfield code="a">(OCoLC)62780852</subfield>
      </datafield>
      <datafield tag="040" ind1=" " ind2=" ">
         <subfield code="a">EQO</subfield>
         <subfield code="c">EQO</subfield>
         <subfield code="d">OCLCG</subfield>
         <subfield code="d">OCLCA</subfield>
         <subfield code="d">NNU</subfield>
      </datafield>
      <datafield tag="050" ind1=" " ind2="4">
         <subfield code="a">G1030</subfield>
         <subfield code="b">.P8 1904</subfield>
      </datafield>
      <datafield tag="100" ind1="1" ind2=" ">
         <subfield code="a">Putzger, F. W.</subfield>
         <subfield code="q">(Friedrich Wilhelm),</subfield>
         <subfield code="d">1849-1913.</subfield>
      </datafield>
      <datafield tag="245" ind1="1" ind2="0">
         <subfield code="a">F.W. Putzgers historischer Schul-Atlas zur alten, mittleren und neuen Geschichte /</subfield>
         <subfield code="c">bearbeitet und herausgegeben von Alfred Baldamus und Ernst Schwabe ; ausgeführt in der Geographischen Anstalt von Velhagen &amp; Klasing in Leipzig.</subfield>
      </datafield>
      <datafield tag="246" ind1="3" ind2="0">
         <subfield code="a">Historischer Schul-Atlas zur alten, mittleren und neuen Geschichte</subfield>
      </datafield>
      <datafield tag="250" ind1=" " ind2=" ">
         <subfield code="a">28., mit der vermehrten und verbesserten 25. im wesentlichen übereinstimmende Aufl.</subfield>
      </datafield>
      <datafield tag="255" ind1=" " ind2=" ">
         <subfield code="a">Scales vary.</subfield>
      </datafield>
      <datafield tag="260" ind1=" " ind2=" ">
         <subfield code="a">Bielefeld ;</subfield>
         <subfield code="a">Leipzig :</subfield>
         <subfield code="b">Velhagen &amp; Klasing,</subfield>
         <subfield code="c">1904.</subfield>
      </datafield>
      <datafield tag="300" ind1=" " ind2=" ">
         <subfield code="a">1 atlas (xvi, 40 folded plates) :</subfield>
         <subfield code="b">col. maps ;</subfield>
         <subfield code="c">26 cm.</subfield>
      </datafield>
      <datafield tag="500" ind1=" " ind2=" ">
         <subfield code="a">"In 234 Haupt- und Nebenkarten".</subfield>
      </datafield>
      <datafield tag="650" ind1=" " ind2="0">
         <subfield code="a">Historical geography</subfield>
         <subfield code="v">Maps.</subfield>
      </datafield>
      <datafield tag="700" ind1="1" ind2=" ">
         <subfield code="a">Baldamus, Alfred,</subfield>
         <subfield code="d">1856-1908</subfield>
         <subfield code="e">ed.</subfield>
      </datafield>
      <datafield tag="700" ind1="1" ind2=" ">
         <subfield code="a">Schwabe, Ernst,</subfield>
         <subfield code="d">1858-</subfield>
         <subfield code="e">ed.</subfield>
      </datafield>
      <datafield tag="994" ind1=" " ind2=" ">
         <subfield code="a">Z0</subfield>
         <subfield code="b">ZYU</subfield>
      </datafield>
      <datafield tag="OWN" ind1=" " ind2=" ">
         <subfield code="a">GENERAL</subfield>
      </datafield>
      <datafield tag="AVA" ind1=" " ind2=" ">
         <subfield code="a">NYU50</subfield>
         <subfield code="b">NISAW</subfield>
         <subfield code="c">Oversize Collection</subfield>
         <subfield code="d">G1030 .P8 1904</subfield>
         <subfield code="e">available</subfield>
         <subfield code="t">Available</subfield>
         <subfield code="f">1</subfield>
         <subfield code="g">0</subfield>
         <subfield code="h">N</subfield>
         <subfield code="i">0</subfield>
         <subfield code="j">OVERZ</subfield>
         <subfield code="k">0</subfield>
      </datafield>
      <marc:datafield tag="852" ind1=" " ind2=" ">
         <marc:subfield code="a">New York University</marc:subfield>
         <marc:subfield code="b">Institute for the Study of the Ancient World</marc:subfield>
         <marc:subfield code="c">Oversize Collection</marc:subfield>
         <marc:subfield code="e">15 East 84th Street</marc:subfield>
         <marc:subfield code="e">New York, NY  10028</marc:subfield>
      </marc:datafield>
   </record>