
  
  
  
  
  
  
 
  
  <record xsi:schemaLocation="http://www.loc.gov/MARC21/slim http://www.loc.gov/standards/marcxml/schema/MARC21slim.xsd">
      <leader>00000cam a2200469 a 4500</leader>
      <controlfield tag="FMT">BK</controlfield>
      <controlfield tag="LDR">00000cam a2200469 a 4500</controlfield>
      <controlfield tag="001">003925513</controlfield>
      <controlfield tag="003">OCoLC</controlfield>
      <controlfield tag="005">20140122111931.0</controlfield>
      <controlfield tag="008">140122s2013    be abe   b    100 0 ger d</controlfield>
      <datafield tag="020" ind1=" " ind2=" ">
         <subfield code="a">9042929677</subfield>
      </datafield>
      <datafield tag="020" ind1=" " ind2=" ">
         <subfield code="a">9789042929678</subfield>
      </datafield>
      <datafield tag="035" ind1=" " ind2=" ">
         <subfield code="a">(OCoLC)857110734</subfield>
      </datafield>
      <datafield tag="040" ind1=" " ind2=" ">
         <subfield code="a">YDXCP</subfield>
         <subfield code="c">YDXCP</subfield>
         <subfield code="d">KAT</subfield>
         <subfield code="d">CIN</subfield>
         <subfield code="d">MUU</subfield>
         <subfield code="d">PIT</subfield>
         <subfield code="d">NNU</subfield>
      </datafield>
      <datafield tag="041" ind1="0" ind2=" ">
         <subfield code="a">ger</subfield>
         <subfield code="a">eng</subfield>
      </datafield>
      <datafield tag="050" ind1=" " ind2="4">
         <subfield code="a">TD215</subfield>
         <subfield code="b">.H57 2013</subfield>
      </datafield>
      <datafield tag="245" ind1="0" ind2="0">
         <subfield code="a">Historische Wasserleitungen :</subfield>
         <subfield code="b">Gestern - Heute - Morgen : Internationales Symposium mit besonderer Berücksichtigung ihrer denkmalgerechten und betriebssicheren Erhaltung, Wien, 19.-23. Oktober 2011 /</subfield>
         <subfield code="c">herausgegeben von Gilbert Wiplinger.</subfield>
      </datafield>
      <datafield tag="260" ind1=" " ind2=" ">
         <subfield code="a">Leuven ;</subfield>
         <subfield code="a">Walpole, MA :</subfield>
         <subfield code="b">Peeters,</subfield>
         <subfield code="c">2013.</subfield>
      </datafield>
      <datafield tag="300" ind1=" " ind2=" ">
         <subfield code="a">xvi, 293 p. :</subfield>
         <subfield code="b">ill. (chiefly col.), maps (some col.), plans (some col.) ;</subfield>
         <subfield code="c">28 cm.</subfield>
      </datafield>
      <datafield tag="490" ind1="1" ind2=" ">
         <subfield code="a">Babesch. Supplement,</subfield>
         <subfield code="x">0165-9367 ;</subfield>
         <subfield code="v">23</subfield>
      </datafield>
      <datafield tag="490" ind1="1" ind2=" ">
         <subfield code="a">Österrichisches Archäologisches Institut. Sonderschriften ;</subfield>
         <subfield code="v">Bd. 49</subfield>
      </datafield>
      <datafield tag="546" ind1=" " ind2=" ">
         <subfield code="a">Contributions in German or English.</subfield>
      </datafield>
      <datafield tag="500" ind1=" " ind2=" ">
         <subfield code="a">"Tagungsband des Internationalen Frontinus-Symposiums, Wien, 19.-23. Oktober 2011"--P. [1] of cover.</subfield>
      </datafield>
      <datafield tag="504" ind1=" " ind2=" ">
         <subfield code="a">Includes bibliographical references.</subfield>
      </datafield>
      <datafield tag="505" ind1="0" ind2="0">
         <subfield code="t">Vorwort des Präsidenten der Frontinus-Gesellschaft /</subfield>
         <subfield code="r">Hans Mehlhorn --</subfield>
         <subfield code="t">Vorwort und Einleitung /</subfield>
         <subfield code="r">Gilbert Wiplinger --</subfield>
         <subfield code="g">Awarding of the Frontinus-Medal.</subfield>
         <subfield code="t">Laudatio to the awarding of the Frontinus Medal to Sgnora Professore Fanny Del Chicca, Auditorium Vienna Water Company, October 21, 2011 /</subfield>
         <subfield code="r">Wolfgang Merkel --</subfield>
         <subfield code="t">Answer to the Laudatio /</subfield>
         <subfield code="r">Fanny Del Chicca --</subfield>
         <subfield code="g">Eröffnungsvortrag.</subfield>
         <subfield code="t">Sextus Iulius Frontinus, ein moderner CEO der Wasserversorgung Roms um 100 n.Chr. /</subfield>
         <subfield code="r">Wolfgang Merkel --</subfield>
         <subfield code="g">Wien.</subfield>
         <subfield code="t">Historische Wasserleitungen in Wien : das Webportal "Wien Kulturgut" : ein Fenster in die Vergangenheit Wiens /</subfield>
         <subfield code="r">Wolfgang Börner --</subfield>
         <subfield code="t">Vienna Mountain Spring Lines /</subfield>
         <subfield code="r">Hans Sailer --</subfield>
         <subfield code="g">Vorderer Orient und Kleinasien.</subfield>
         <subfield code="t">Römische Wasserleitungsnetz von Kanatha (Qanawat, Syrien) /</subfield>
         <subfield code="r">Christine Ertel --</subfield>
         <subfield code="t">Wassermanagement hethitischer und hellenistich-römischer Zeit in Zentralanatolien /</subfield>
         <subfield code="r">Karl Strobel --</subfield>
         <subfield code="t">Aqueduct of Elaiussa Sebaste in Rough Cilicia : water channels for today and yesterday /</subfield>
         <subfield code="r">Dennis Murphy --</subfield>
         <subfield code="t">Newly discovered nymphaeum near the stadium of Sagalassos (SW Turkey) /</subfield>
         <subfield code="r">Julian Richard, Marc Waelkens --</subfield>
         <subfield code="t">Neue Ergebnisse zur Wasserleitung von Patara/Türkei /</subfield>
         <subfield code="r">Havva İşkan, N. Orhan Baykan --</subfield>
         <subfield code="t">Değirmendere Aquädukt von Ephesos und sein Zukaunft /</subfield>
         <subfield code="r">Gilbert Wiplinger --</subfield>
         <subfield code="t">Mühlen des Değirmendere Aquäduktes von Ephesos und des Aquäduktes von Anaia/Kadikalesı (Türkei): ein Zwischenbericht /</subfield>
         <subfield code="r">Ralf Kreiner --</subfield>
         <subfield code="t">Running water : acqueducts as suppliers of private water facilities in (Late) Roman Asia Minor /</subfield>
         <subfield code="r">Inge Uytterhoeven --</subfield>
      </datafield>
      <datafield tag="505" ind1="0" ind2="0">
         <subfield code="g">Westliche Provinzen, von der Römerzeit zur Neuzeit.</subfield>
         <subfield code="t">Roman aqueductbridge of Los Bañales (Uncastillo, Spain) : structural analysis /</subfield>
         <subfield code="r">Luis M. Viartola, Javier Andreu, María J. Peréx --</subfield>
         <subfield code="t">Roman water supply systems to Augusta Emerita /</subfield>
         <subfield code="r">Fernando Aranda Gutiérrez, María Eugenia Polo García, José Luís Sánchez Carcaboso, Esperanza Andrés Díaz, Trinidad Nogales Basarrate, José María Álvarez Martínez --</subfield>
         <subfield code="t">Drei grosse Aquädukte des Mittelalters (12.-13. Jahrhundert) : Sevilla, Perugia, Waltham Abbey /</subfield>
         <subfield code="r">Dietrich Lohrmann --</subfield>
         <subfield code="t">Aqueduct of Setúbal (Portugal) : characterization and development as heritage /</subfield>
         <subfield code="r">José Manuel de Mascarenhas, Paul Benoit, Karine Berthier, Joséphine Rouillard, Virgolina Jorge --</subfield>
         <subfield code="t">Wasserversorgung von Bremen vom Spätmittelalter bis in die Frühe Neuzeit /</subfield>
         <subfield code="r">Diter Bischop --</subfield>
         <subfield code="t">Rannaleitung : seit 99 Jahren ein unverzichtbarer Bestandteil der Wasserversorgung von Nürnberg /</subfield>
         <subfield code="r">Ulrich Mohr --</subfield>
         <subfield code="g">Wasstertürme.</subfield>
         <subfield code="t">Pompeiian-type water system in modern times /</subfield>
         <subfield code="r">H. Paul M. Kessener --</subfield>
         <subfield code="t">Historische Wasserversorgung in Buchara (Usbekistan) /</subfield>
         <subfield code="r">Andrij Kutnyi --</subfield>
         <subfield code="t">Wassertürme als Touristenattraktion /</subfield>
         <subfield code="r">Jens U. Schmidt --</subfield>
         <subfield code="g">Südamerika.</subfield>
         <subfield code="t">Hydraulic systems of the convent of St. Anthony of Paraguaçu (Bahia, Brazil) /</subfield>
         <subfield code="r">Francisco Santana, José Manuel de Mascarenhas, Mário Mendonça de Oliveira, Virgolino Ferreira Jorge --</subfield>
         <subfield code="g">Anhang.</subfield>
         <subfield code="t">Sinter analysis : a tool for the study of ancient aqueducts /</subfield>
         <subfield code="r">Gül Sürmelihindi, Cees Passchier.</subfield>
      </datafield>
      <datafield tag="650" ind1=" " ind2="0">
         <subfield code="a">Water</subfield>
         <subfield code="x">Distribution</subfield>
         <subfield code="x">History</subfield>
         <subfield code="v">Congresses.</subfield>
      </datafield>
      <datafield tag="650" ind1=" " ind2="0">
         <subfield code="a">Water-pipes</subfield>
         <subfield code="x">History</subfield>
         <subfield code="v">Congresses.</subfield>
      </datafield>
      <datafield tag="650" ind1=" " ind2="0">
         <subfield code="a">Water-supply</subfield>
         <subfield code="x">History</subfield>
         <subfield code="v">Congresses.</subfield>
      </datafield>
      <datafield tag="650" ind1=" " ind2="0">
         <subfield code="a">Aqueducts</subfield>
         <subfield code="x">History</subfield>
         <subfield code="v">Congresses.</subfield>
      </datafield>
      <datafield tag="700" ind1="1" ind2=" ">
         <subfield code="a">Wiplinger, Gilbert</subfield>
         <subfield code="e">ed.</subfield>
      </datafield>
      <datafield tag="830" ind1=" " ind2="0">
         <subfield code="a">Bulletin antieke beschaving.</subfield>
         <subfield code="p">Supplement ;</subfield>
         <subfield code="v">24.</subfield>
      </datafield>
      <datafield tag="830" ind1=" " ind2="0">
         <subfield code="a">Sonderschriften (Österreichisches Archäologisches Institut (Vienna, Austria)) ;</subfield>
         <subfield code="v">Bd. 49.</subfield>
      </datafield>
      <datafield tag="994" ind1=" " ind2=" ">
         <subfield code="a">Z0</subfield>
         <subfield code="b">ZYU</subfield>
      </datafield>
      <datafield tag="OWN" ind1=" " ind2=" ">
         <subfield code="a">GENERAL</subfield>
      </datafield>
      <datafield tag="936" ind1=" " ind2=" ">
         <subfield code="a">PR 864016754</subfield>
      </datafield>
      <datafield tag="AVA" ind1=" " ind2=" ">
         <subfield code="a">NYU50</subfield>
         <subfield code="b">NISAW</subfield>
         <subfield code="c">Oversize Collection</subfield>
         <subfield code="d">TD215 .H57 2013</subfield>
         <subfield code="e">available</subfield>
         <subfield code="t">Available</subfield>
         <subfield code="f">1</subfield>
         <subfield code="g">0</subfield>
         <subfield code="h">N</subfield>
         <subfield code="i">0</subfield>
         <subfield code="j">OVERZ</subfield>
         <subfield code="k">0</subfield>
      </datafield>
      <marc:datafield tag="852" ind1=" " ind2=" ">
         <marc:subfield code="a">New York University</marc:subfield>
         <marc:subfield code="b">Institute for the Study of the Ancient World</marc:subfield>
         <marc:subfield code="c">Oversize Collection</marc:subfield>
         <marc:subfield code="e">15 East 84th Street</marc:subfield>
         <marc:subfield code="e">New York, NY  10028</marc:subfield>
      </marc:datafield>
   </record>