
  
  
  
  
  
  
 
  
  <record xsi:schemaLocation="http://www.loc.gov/MARC21/slim http://www.loc.gov/standards/marcxml/schema/MARC21slim.xsd">
      <leader>00000cam a2200925 a 4500</leader>
      <controlfield tag="FMT">BK</controlfield>
      <controlfield tag="LDR">00000cam a2200925 a 4500</controlfield>
      <controlfield tag="001">003925536</controlfield>
      <controlfield tag="003">OCoLC</controlfield>
      <controlfield tag="005">20140122115626.0</controlfield>
      <controlfield tag="008">140122s2000    ne abe   b    100 0 eng c</controlfield>
      <datafield tag="010" ind1=" " ind2=" ">
         <subfield code="a">2003537898</subfield>
      </datafield>
      <datafield tag="020" ind1=" " ind2=" ">
         <subfield code="a">2877235289 (Peeters France)</subfield>
      </datafield>
      <datafield tag="020" ind1=" " ind2=" ">
         <subfield code="a">9782877235280 (Peeters France)</subfield>
      </datafield>
      <datafield tag="020" ind1=" " ind2=" ">
         <subfield code="a">9042909285 (Peeters Leuven)</subfield>
      </datafield>
      <datafield tag="020" ind1=" " ind2=" ">
         <subfield code="a">9789042909281 (Peeters Leuven)</subfield>
      </datafield>
      <datafield tag="035" ind1=" " ind2=" ">
         <subfield code="a">(OCoLC)47203278</subfield>
         <subfield code="z">(OCoLC)78832695</subfield>
         <subfield code="z">(OCoLC)123102925</subfield>
      </datafield>
      <datafield tag="040" ind1=" " ind2=" ">
         <subfield code="a">CGU</subfield>
         <subfield code="b">eng</subfield>
         <subfield code="c">CGU</subfield>
         <subfield code="d">DLC</subfield>
         <subfield code="d">NLGGC</subfield>
         <subfield code="d">BTCTA</subfield>
         <subfield code="d">YDXCP</subfield>
         <subfield code="d">OCLCQ</subfield>
         <subfield code="d">P4I</subfield>
         <subfield code="d">GEBAY</subfield>
         <subfield code="d">IG#</subfield>
         <subfield code="d">OCLCF</subfield>
         <subfield code="d">NNU</subfield>
      </datafield>
      <datafield tag="041" ind1="0" ind2=" ">
         <subfield code="a">eng</subfield>
         <subfield code="a">fre</subfield>
      </datafield>
      <datafield tag="042" ind1=" " ind2=" ">
         <subfield code="a">pcc</subfield>
      </datafield>
      <datafield tag="043" ind1=" " ind2=" ">
         <subfield code="a">e------</subfield>
         <subfield code="a">mm-----</subfield>
      </datafield>
      <datafield tag="050" ind1="0" ind2="0">
         <subfield code="a">CC77.5</subfield>
         <subfield code="b">.G466 2000</subfield>
      </datafield>
      <datafield tag="082" ind1="0" ind2="0">
         <subfield code="a">930.1</subfield>
         <subfield code="2">22</subfield>
      </datafield>
      <datafield tag="084" ind1=" " ind2=" ">
         <subfield code="a">15.34</subfield>
         <subfield code="2">bcl</subfield>
      </datafield>
      <datafield tag="245" ind1="0" ind2="0">
         <subfield code="a">Geoarchaeology of the landscapes of classical antiquity :</subfield>
         <subfield code="b">international colloquium Ghent, 23-24 October 1998 = Géoarchéologie des paysages de l'antiquité classique : colloque international Gand, 23-24 octobre 1998 /</subfield>
         <subfield code="c">edited by Frank Vermeulen &amp; Morgan De Dapper.</subfield>
      </datafield>
      <datafield tag="246" ind1="3" ind2="1">
         <subfield code="a">Géoarchéologie des paysages de l'antiquité classique :</subfield>
         <subfield code="b">colloque international Gand, 23-24 octobre 1998</subfield>
      </datafield>
      <datafield tag="260" ind1=" " ind2=" ">
         <subfield code="a">Leiden :</subfield>
         <subfield code="b">Stichting Babesch,</subfield>
         <subfield code="c">2000.</subfield>
      </datafield>
      <datafield tag="300" ind1=" " ind2=" ">
         <subfield code="a">vi, 233 p. :</subfield>
         <subfield code="b">ill. (some col.), maps (some col.), plans ;</subfield>
         <subfield code="c">28 cm.</subfield>
      </datafield>
      <datafield tag="490" ind1="1" ind2=" ">
         <subfield code="a">Babesch. Supplement,</subfield>
         <subfield code="x">0165-9367 ;</subfield>
         <subfield code="v">5</subfield>
      </datafield>
      <datafield tag="546" ind1=" " ind2=" ">
         <subfield code="a">Contributions in English or French.</subfield>
      </datafield>
      <datafield tag="504" ind1=" " ind2=" ">
         <subfield code="a">Includes bibliographical references.</subfield>
      </datafield>
      <datafield tag="505" ind1="0" ind2="0">
         <subfield code="t">Geo-archaeological mapping using very high resolution and stereoscopic satellite imagery (Russian TK-350) integrated in a GIS : a case study for the Wadi Mujib area near Lehun (Jordan) /</subfield>
         <subfield code="r">Ch. De Jaeger, M. De Dapper, B.-M. De Vliegher, R. Goossens, S. Risack, A. Ozer, D. closson, D. Homes-Fredericq --</subfield>
         <subfield code="t">Example from Béziers to demonstrate a GIS-based methodology on selecting possible Roman cadastre grids /</subfield>
         <subfield code="r">M. Clavel-Lévêque, A. Vassilopoulos, N. Evelpidou, G. Tirologos --</subfield>
         <subfield code="t">Landscape, settlement, and Roman cadastres in the Lower Sangro Valley (Italy) /</subfield>
         <subfield code="r">C. Di Celma, P. Farabollini, U. Moscatelli --</subfield>
         <subfield code="t">Settlement dynamics and alluvial sedimentation in the Pontine region, Central Italy : a complex relationship /</subfield>
         <subfield code="r">P. Attema, J. Delvigne --</subfield>
         <subfield code="t">Landscape change in classical Greece : a review /</subfield>
         <subfield code="r">J. Bintliff --</subfield>
         <subfield code="t">Vignobles antiques du Midi de la France /</subfield>
         <subfield code="r">Ph. Boissinot --</subfield>
         <subfield code="t">Geomorphological hazard in the Tharros archaeological area (western Sardinia, Italy) /</subfield>
         <subfield code="r">R. Fanti --</subfield>
         <subfield code="t">Geoarchaeological study of the Taman Peninsula and the Kouban Delta (Black Sea, Sea of Azov, Russia) /</subfield>
         <subfield code="r">E. Fouache, Ch. Müller, Y. Gorlov, V. Gaïbov, A. Porotov --</subfield>
         <subfield code="t">Dynamiques environnementales et dynamiques sociales sur le territoire d'Arles antique /</subfield>
         <subfield code="r">Ph. Leveau --</subfield>
         <subfield code="t">Géoarchéologie d'un site urbain : un égout romain à Arles (France méridionale) /</subfield>
         <subfield code="r">J.A. Lopez-Saenz, M. Heijmans, Ph. Leveau, M. Provansal, H. Bruneton, D. Sistach --</subfield>
         <subfield code="t">Variations des lignes de rivage aux environs de la ville antique de Nora (Sardaigne, SO-Italie) d'après les données géoarchéologiques /</subfield>
         <subfield code="r">S. Melis --</subfield>
         <subfield code="t">Geomorphological and archaeological evidence of the ground movements (bradyseisms) in the Phlegraean Fields (Naples, Italy) /</subfield>
         <subfield code="r">U. Pappalardo, F. Russo --</subfield>
         <subfield code="t">Processus d'accumulation et d'incision pendant l'Antiquité classique dans la vallée de la Huerva (Bassin de l'Ebre, Espagne) /</subfield>
         <subfield code="r">J.L. Peña, M.T. Echeverría, A. Julián, J. Chueca --</subfield>
      </datafield>
      <datafield tag="505" ind1="0" ind2="0">
         <subfield code="t">GIS database to process Roman cadastre and settlements /</subfield>
         <subfield code="r">A. Rizakis, A. Vassilopoulos, N. Evelpidou, M. Petropoulos --</subfield>
         <subfield code="t">Geomorphology and archaeology in the Las Médulas archaeological zone (ZAM) (Léon, Spain) : evaluation of wastes and gold production /</subfield>
         <subfield code="r">F.-J. Sánchez-Palencia, L.C. Pérez, A. Orejas --</subfield>
         <subfield code="t">Understanding Roman settlement patterns through multivariate statistics and predictive modelling /</subfield>
         <subfield code="r">Z. Stančič, T. Veljanovski, T. Podobnikar --</subfield>
         <subfield code="t">GPS surveying techniques in archaeology : topographical survey of the Thorikos region (Greece) /</subfield>
         <subfield code="r">A. De Wulf, T. Van Herck, M. De Dapper, B.M. De Vliegher --</subfield>
         <subfield code="t">Analysis of the efficiency in archaeology of GPS satellite surveying versus classical surveying using totalstations : applications in the Thorikos region and on the Pyrgari (Greece) /</subfield>
         <subfield code="r">A. De Wulf, T. Van Herck, M. De Dapper, B.M. De Vliegher --</subfield>
         <subfield code="t">Paysages et habitats antiques en Armorique orientale : l'exemple des bassins de la Seiche (Ille-et-Vilaine) et de l'Oudon (Mayenne) /</subfield>
         <subfield code="r">G. Leroux --</subfield>
         <subfield code="t">Photo-interprétation, cartographie et analyse dans le cadre d'un SIG des systèmes spatiaux anciens : l'archéologie des routes et parcellaires en Gaule Belgique septentrionale /</subfield>
         <subfield code="r">F. Vermeulen, B. Hageman, T. Wiedemann.</subfield>
      </datafield>
      <datafield tag="650" ind1=" " ind2="0">
         <subfield code="a">Archaeological geology</subfield>
         <subfield code="z">Mediterranean Region</subfield>
         <subfield code="v">Congresses.</subfield>
      </datafield>
      <datafield tag="650" ind1=" " ind2="0">
         <subfield code="a">Archaeological geology</subfield>
         <subfield code="z">Europe</subfield>
         <subfield code="v">Congresses.</subfield>
      </datafield>
      <datafield tag="650" ind1=" " ind2="0">
         <subfield code="a">Landscape archaeology</subfield>
         <subfield code="z">Mediterranean Region</subfield>
         <subfield code="v">Congresses.</subfield>
      </datafield>
      <datafield tag="650" ind1=" " ind2="0">
         <subfield code="a">Landscape archaeology</subfield>
         <subfield code="z">Europe</subfield>
         <subfield code="v">Congresses.</subfield>
      </datafield>
      <datafield tag="651" ind1=" " ind2="0">
         <subfield code="a">Mediterranean Region</subfield>
         <subfield code="x">Antiquities</subfield>
         <subfield code="v">Congresses.</subfield>
      </datafield>
      <datafield tag="651" ind1=" " ind2="0">
         <subfield code="a">Europe</subfield>
         <subfield code="x">Antiquities</subfield>
         <subfield code="v">Congresses.</subfield>
      </datafield>
      <datafield tag="650" ind1=" " ind2="7">
         <subfield code="a">Antiquities.</subfield>
         <subfield code="2">fast</subfield>
         <subfield code="0">(OCoLC)fst00810745</subfield>
      </datafield>
      <datafield tag="650" ind1=" " ind2="7">
         <subfield code="a">Archaeological geology.</subfield>
         <subfield code="2">fast</subfield>
         <subfield code="0">(OCoLC)fst00812903</subfield>
      </datafield>
      <datafield tag="650" ind1=" " ind2="7">
         <subfield code="a">Landscape archaeology.</subfield>
         <subfield code="2">fast</subfield>
         <subfield code="0">(OCoLC)fst00991791</subfield>
      </datafield>
      <datafield tag="651" ind1=" " ind2="7">
         <subfield code="a">Europe.</subfield>
         <subfield code="2">fast</subfield>
         <subfield code="0">(OCoLC)fst01245064</subfield>
      </datafield>
      <datafield tag="651" ind1=" " ind2="7">
         <subfield code="a">Mediterranean Region.</subfield>
         <subfield code="2">fast</subfield>
         <subfield code="0">(OCoLC)fst01239752</subfield>
      </datafield>
      <datafield tag="655" ind1=" " ind2="7">
         <subfield code="a">Conference proceedings.</subfield>
         <subfield code="2">fast</subfield>
         <subfield code="0">(OCoLC)fst01423772</subfield>
      </datafield>
      <datafield tag="700" ind1="1" ind2=" ">
         <subfield code="a">Vermeulen, Frank</subfield>
         <subfield code="e">ed.</subfield>
      </datafield>
      <datafield tag="700" ind1="1" ind2=" ">
         <subfield code="a">Dapper, Morgan de</subfield>
         <subfield code="e">ed.</subfield>
      </datafield>
      <datafield tag="776" ind1="0" ind2="8">
         <subfield code="i">Online version:</subfield>
         <subfield code="t">Geoarchaeology of the landscapes of classical antiquity.</subfield>
         <subfield code="d">Leiden : Stichting BABESCH, 2000</subfield>
         <subfield code="w">(OCoLC)606607655</subfield>
      </datafield>
      <datafield tag="830" ind1=" " ind2="0">
         <subfield code="a">Bulletin antieke beschaving.</subfield>
         <subfield code="p">Supplement ;</subfield>
         <subfield code="v">5.</subfield>
      </datafield>
      <datafield tag="994" ind1=" " ind2=" ">
         <subfield code="a">Z0</subfield>
         <subfield code="b">ZYU</subfield>
      </datafield>
      <datafield tag="OWN" ind1=" " ind2=" ">
         <subfield code="a">GENERAL</subfield>
      </datafield>
      <datafield tag="936" ind1=" " ind2=" ">
         <subfield code="a">PR 496193950</subfield>
      </datafield>
      <datafield tag="AVA" ind1=" " ind2=" ">
         <subfield code="a">NYU50</subfield>
         <subfield code="b">NISAW</subfield>
         <subfield code="c">Oversize Collection</subfield>
         <subfield code="d">CC77.5 .G466 2000</subfield>
         <subfield code="e">available</subfield>
         <subfield code="t">Available</subfield>
         <subfield code="f">1</subfield>
         <subfield code="g">0</subfield>
         <subfield code="h">N</subfield>
         <subfield code="i">0</subfield>
         <subfield code="j">OVERZ</subfield>
         <subfield code="k">0</subfield>
      </datafield>
      <marc:datafield tag="852" ind1=" " ind2=" ">
         <marc:subfield code="a">New York University</marc:subfield>
         <marc:subfield code="b">Institute for the Study of the Ancient World</marc:subfield>
         <marc:subfield code="c">Oversize Collection</marc:subfield>
         <marc:subfield code="e">15 East 84th Street</marc:subfield>
         <marc:subfield code="e">New York, NY  10028</marc:subfield>
      </marc:datafield>
   </record>