
  
  
  
  
  
  
 
  
  <record xsi:schemaLocation="http://www.loc.gov/MARC21/slim http://www.loc.gov/standards/marcxml/schema/MARC21slim.xsd">
      <leader>00000nam a22      i 4500</leader>
      <controlfield tag="FMT">BK</controlfield>
      <controlfield tag="LDR">00000nam a22      i 4500</controlfield>
      <controlfield tag="001">003925453</controlfield>
      <controlfield tag="005">20140122101730.0</controlfield>
      <controlfield tag="008">140122t20112011be ab    bc   000 0 eng d</controlfield>
      <datafield tag="020" ind1=" " ind2=" ">
         <subfield code="a">9789042924659</subfield>
      </datafield>
      <datafield tag="040" ind1=" " ind2=" ">
         <subfield code="a">NNU</subfield>
         <subfield code="b">eng</subfield>
         <subfield code="c">NNU</subfield>
         <subfield code="e">rda</subfield>
      </datafield>
      <datafield tag="043" ind1=" " ind2=" ">
         <subfield code="a">e-it---</subfield>
      </datafield>
      <datafield tag="050" ind1=" " ind2="4">
         <subfield code="a">DG52</subfield>
         <subfield code="b">.A88 2011</subfield>
      </datafield>
      <datafield tag="100" ind1="1" ind2=" ">
         <subfield code="a">Attema, P. A. J.</subfield>
      </datafield>
      <datafield tag="245" ind1="1" ind2="0">
         <subfield code="a">Between Satricum and Antium :</subfield>
         <subfield code="b">settlement dynamics in a coastal landscape in Latium Vetus /</subfield>
         <subfield code="c">by Peter Attema, Tymon de Haas, and Gijs Tol ; with contributions by Luca Alessandri, Tycho Derks, Hendrik Feiken, Simone Malagodi, Claudio Moffa, Bert Nijboer, Harry Pape, Michelangelo La Rosa, Olaf Satijn, Lisa Volterrani, and Sarah Willemsen.</subfield>
      </datafield>
      <datafield tag="264" ind1=" " ind2="1">
         <subfield code="a">Leuven ;</subfield>
         <subfield code="a">Paris ;</subfield>
         <subfield code="a">Walpole, MA :</subfield>
         <subfield code="b">Peeters,</subfield>
         <subfield code="c">2011</subfield>
      </datafield>
      <datafield tag="264" ind1=" " ind2="4">
         <subfield code="c">©2011</subfield>
      </datafield>
      <datafield tag="300" ind1=" " ind2=" ">
         <subfield code="a">xii, 259 pages :</subfield>
         <subfield code="b">illustrations (some color), maps (some color) ;</subfield>
         <subfield code="c">28 cm.</subfield>
      </datafield>
      <datafield tag="336" ind1=" " ind2=" ">
         <subfield code="a">text</subfield>
         <subfield code="2">rdacontent</subfield>
      </datafield>
      <datafield tag="337" ind1=" " ind2=" ">
         <subfield code="a">unmediated</subfield>
         <subfield code="2">rdamedia</subfield>
      </datafield>
      <datafield tag="338" ind1=" " ind2=" ">
         <subfield code="a">volume</subfield>
         <subfield code="2">rdacarrier</subfield>
      </datafield>
      <datafield tag="490" ind1="1" ind2=" ">
         <subfield code="a">Babesch. Supplement,</subfield>
         <subfield code="x">0165-9367 ;</subfield>
         <subfield code="v">18</subfield>
      </datafield>
      <datafield tag="504" ind1=" " ind2=" ">
         <subfield code="a">Bibliography: pages 255-259.</subfield>
      </datafield>
      <datafield tag="505" ind1="0" ind2="0">
         <subfield code="g">part I. Landscape, topography, and methodology.</subfield>
         <subfield code="t">Geology and geomorphology of the Nettuno area /</subfield>
         <subfield code="r">Hendrik Feiken --</subfield>
         <subfield code="t">Historical cartography and ancient topography /</subfield>
         <subfield code="r">Gijs Tol --</subfield>
         <subfield code="t">Archaeological research in the Nettuno area : sources, biases, and data integration /</subfield>
         <subfield code="r">Tymon de Haas --</subfield>
         <subfield code="t">Ground-penetrating radar survey /</subfield>
         <subfield code="r">Claudio Moffa, Simone Malagodi, Lisa Volterrani --</subfield>
         <subfield code="g">part II. Settlement dynamics from prehistory to the medieval period.</subfield>
         <subfield code="t">Prehistory /</subfield>
         <subfield code="r">Michelangelo La Rosa --</subfield>
         <subfield code="t">Bronze Age /</subfield>
         <subfield code="r">Luca Alessandri --</subfield>
         <subfield code="t">Iron Age (10th-7th century BC) /</subfield>
         <subfield code="r">Peter Attema, Tymon de Haas, Gijs Tol --</subfield>
         <subfield code="t">Archaic period (6th century BC) /</subfield>
         <subfield code="r">Peter Attema, Tymon de Haas, Gijs Tol --</subfield>
         <subfield code="t">Post-Archaic period (500-350 BC) /</subfield>
         <subfield code="r">Peter Attema, Tymon de Haas, Gijs Tol --</subfield>
         <subfield code="t">Republican period (350-250 BC) /</subfield>
         <subfield code="r">Peter Attema, Tymon de Haas, Gijs Tol --</subfield>
         <subfield code="t">Republican period (250-100 BC) /</subfield>
         <subfield code="r">Peter Attema, Tymon de Haas, Gijs Tol --</subfield>
         <subfield code="t">Republican period (100-30 BC) /</subfield>
         <subfield code="r">Peter Attema, Tymon de Haas, Gijs Tol --</subfield>
         <subfield code="t">Imperial period (30 BC-AD 100) /</subfield>
         <subfield code="r">Peter Attema, Tymon de Haas, Gijs Tol --</subfield>
         <subfield code="t">Imperial period (AD 100-250) /</subfield>
         <subfield code="r">Peter Attema, Tymon de Haas, Gijs Tol --</subfield>
         <subfield code="t">Imperial period (AD 250-400) /</subfield>
         <subfield code="r">Peter Attema, Tymon de Haas, Gijs Tol --</subfield>
         <subfield code="t">Late antiquity and early medieval period (AD 400-700) /</subfield>
         <subfield code="r">Peter Attema, Tymon de Haas, Olaf Satijn, Gijs Tol --</subfield>
         <subfield code="t">Medieval period (AD 700-900) /</subfield>
         <subfield code="r">Peter Attema, Tymon de Haas, Olaf Satijn, Gijs Tol --</subfield>
         <subfield code="t">Medieval period (AD 900-1200) /</subfield>
         <subfield code="r">Peter Attema, Tymon de Haas, Olaf Satijn, Gijs Tol --</subfield>
         <subfield code="t">Concluding remarks /</subfield>
         <subfield code="r">Peter Attema, Tymon de Haas, Gijs Tol --</subfield>
      </datafield>
      <datafield tag="505" ind1="0" ind2="0">
         <subfield code="g">part III. The museum collection.</subfield>
         <subfield code="t">Amphoras from the Antiquarium of Nettuno /</subfield>
         <subfield code="r">Harry Pape --</subfield>
         <subfield code="t">Coins from GIA surveys and the Antiquarium of Nettuno /</subfield>
         <subfield code="r">Tycho Derks --</subfield>
         <subfield code="t">Oil lamps from the Antiquarium of Nettuno /</subfield>
         <subfield code="r">Sarah Willemsen --</subfield>
         <subfield code="t">Miscellaneous artefacts from the Antiquarium of Nettuno /</subfield>
         <subfield code="r">Gijs Tol --</subfield>
         <subfield code="g">part IV. Ceramic typologies.</subfield>
         <subfield code="t">Introduction to the ceramic typologies /</subfield>
         <subfield code="r">Luca Alessandri, Tymon de Haas, Bert Nijboer, Gijs Tol --</subfield>
         <subfield code="t">Bronze Age, Late Iron Age, and Orientalizing impasto --</subfield>
         <subfield code="t">Dolia (storage jars) --</subfield>
         <subfield code="t">Coarse wares --</subfield>
         <subfield code="t">Amphoras --</subfield>
         <subfield code="t">Black glazed --</subfield>
         <subfield code="t">Terra sigillata --</subfield>
         <subfield code="t">African red slip ware --</subfield>
         <subfield code="g">part V. Site catalogue --</subfield>
         <subfield code="t">Introduction to the site catalogue --</subfield>
         <subfield code="t">Site descriptions --</subfield>
         <subfield code="t">Site chronology --</subfield>
         <subfield code="g">part VI. The carta archeologica.</subfield>
      </datafield>
      <datafield tag="650" ind1=" " ind2="0">
         <subfield code="a">Archaeological surveying</subfield>
         <subfield code="z">Italy</subfield>
         <subfield code="z">Nettuno.</subfield>
      </datafield>
      <datafield tag="650" ind1=" " ind2="0">
         <subfield code="a">Archaeological surveying</subfield>
         <subfield code="z">Italy</subfield>
         <subfield code="z">Lazio.</subfield>
      </datafield>
      <datafield tag="650" ind1=" " ind2="0">
         <subfield code="a">Human settlements</subfield>
         <subfield code="z">Italy</subfield>
         <subfield code="z">Nettuno</subfield>
         <subfield code="x">History.</subfield>
      </datafield>
      <datafield tag="650" ind1=" " ind2="0">
         <subfield code="a">Human settlements</subfield>
         <subfield code="z">Italy</subfield>
         <subfield code="z">Lazio</subfield>
         <subfield code="x">History.</subfield>
      </datafield>
      <datafield tag="650" ind1=" " ind2="0">
         <subfield code="a">Land settlement patterns</subfield>
         <subfield code="z">Italy</subfield>
         <subfield code="z">Nettuno</subfield>
         <subfield code="x">History.</subfield>
      </datafield>
      <datafield tag="650" ind1=" " ind2="0">
         <subfield code="a">Land settlement patterns</subfield>
         <subfield code="z">Italy</subfield>
         <subfield code="z">Lazio</subfield>
         <subfield code="x">History.</subfield>
      </datafield>
      <datafield tag="651" ind1=" " ind2="0">
         <subfield code="a">Nettuno (Italy)</subfield>
         <subfield code="x">Antiquities.</subfield>
      </datafield>
      <datafield tag="651" ind1=" " ind2="0">
         <subfield code="a">Lazio (Italy)</subfield>
         <subfield code="x">Antiquities.</subfield>
      </datafield>
      <datafield tag="651" ind1=" " ind2="0">
         <subfield code="a">Nettuno (Italy)</subfield>
         <subfield code="x">Antiquities</subfield>
         <subfield code="v">Catalogs.</subfield>
      </datafield>
      <datafield tag="651" ind1=" " ind2="0">
         <subfield code="a">Lazio (Italy)</subfield>
         <subfield code="x">Antiquities</subfield>
         <subfield code="v">Catalogs.</subfield>
      </datafield>
      <datafield tag="700" ind1="1" ind2=" ">
         <subfield code="a">Haas, Tymon C. A. de,</subfield>
         <subfield code="d">1979-</subfield>
         <subfield code="e">author.</subfield>
      </datafield>
      <datafield tag="700" ind1="1" ind2=" ">
         <subfield code="a">Tol, Gijs Willem,</subfield>
         <subfield code="e">author.</subfield>
      </datafield>
      <datafield tag="830" ind1=" " ind2="0">
         <subfield code="a">Bulletin antieke beschaving.</subfield>
         <subfield code="p">Supplement ;</subfield>
         <subfield code="v">18.</subfield>
      </datafield>
      <datafield tag="OWN" ind1=" " ind2=" ">
         <subfield code="a">GENERAL</subfield>
      </datafield>
      <datafield tag="936" ind1=" " ind2=" ">
         <subfield code="a">PR 714722578 729931418 758691422</subfield>
      </datafield>
      <datafield tag="AVA" ind1=" " ind2=" ">
         <subfield code="a">NYU50</subfield>
         <subfield code="b">NISAW</subfield>
         <subfield code="c">Oversize Collection</subfield>
         <subfield code="d">DG52 .A88 2011</subfield>
         <subfield code="e">available</subfield>
         <subfield code="t">Available</subfield>
         <subfield code="f">1</subfield>
         <subfield code="g">0</subfield>
         <subfield code="h">N</subfield>
         <subfield code="i">0</subfield>
         <subfield code="j">OVERZ</subfield>
         <subfield code="k">0</subfield>
      </datafield>
      <marc:datafield tag="852" ind1=" " ind2=" ">
         <marc:subfield code="a">New York University</marc:subfield>
         <marc:subfield code="b">Institute for the Study of the Ancient World</marc:subfield>
         <marc:subfield code="c">Oversize Collection</marc:subfield>
         <marc:subfield code="e">15 East 84th Street</marc:subfield>
         <marc:subfield code="e">New York, NY  10028</marc:subfield>
      </marc:datafield>
   </record>