
  
  
  
  
  
  
  
 
  
  <record xsi:schemaLocation="http://www.loc.gov/MARC21/slim http://www.loc.gov/standards/marcxml/schema/MARC21slim.xsd">
      <leader>00000nam a22      i 4500</leader>
      <controlfield tag="FMT">BK</controlfield>
      <controlfield tag="LDR">00000nam a22      i 4500</controlfield>
      <controlfield tag="001">003927408</controlfield>
      <controlfield tag="005">20140128122227.0</controlfield>
      <controlfield tag="008">140128s1991    sw a     b    100 0 eng d</controlfield>
      <datafield tag="040" ind1=" " ind2=" ">
         <subfield code="a">NNU</subfield>
         <subfield code="b">eng</subfield>
         <subfield code="c">NNU</subfield>
         <subfield code="e">rda</subfield>
      </datafield>
      <datafield tag="041" ind1="0" ind2=" ">
         <subfield code="a">eng</subfield>
         <subfield code="a">ger</subfield>
      </datafield>
      <datafield tag="050" ind1=" " ind2="4">
         <subfield code="a">CC75.7</subfield>
         <subfield code="b">.M637 1991</subfield>
      </datafield>
      <datafield tag="245" ind1="0" ind2="0">
         <subfield code="a">Modern tools in archaeometry :</subfield>
         <subfield code="b">a SAC symposium, Gothenburg, Sweden, May 23-25, 1991 : abstracts /</subfield>
         <subfield code="c">compiled by Peter M. Fischer.</subfield>
      </datafield>
      <datafield tag="246" ind1="3" ind2=" ">
         <subfield code="a">Abstracts :</subfield>
         <subfield code="b">Modern tools in archaeometry : a SAC symposium</subfield>
      </datafield>
      <datafield tag="264" ind1=" " ind2="1">
         <subfield code="a">[Gothenburg :</subfield>
         <subfield code="b">Scandinavian Archaeometry Center,</subfield>
         <subfield code="c">1991]</subfield>
      </datafield>
      <datafield tag="300" ind1=" " ind2=" ">
         <subfield code="a">24 leaves :</subfield>
         <subfield code="b">illustrations ;</subfield>
         <subfield code="c">30 cm.</subfield>
      </datafield>
      <datafield tag="336" ind1=" " ind2=" ">
         <subfield code="a">text</subfield>
         <subfield code="2">rdacontent</subfield>
      </datafield>
      <datafield tag="337" ind1=" " ind2=" ">
         <subfield code="a">unmediated</subfield>
         <subfield code="2">rdamedia</subfield>
      </datafield>
      <datafield tag="338" ind1=" " ind2=" ">
         <subfield code="a">volume</subfield>
         <subfield code="2">rdacarrier</subfield>
      </datafield>
      <datafield tag="546" ind1=" " ind2=" ">
         <subfield code="a">One contribution in German.</subfield>
      </datafield>
      <datafield tag="500" ind1=" " ind2=" ">
         <subfield code="a">At head of title: Scandinavian Archaeometry Center.</subfield>
      </datafield>
      <datafield tag="504" ind1=" " ind2=" ">
         <subfield code="a">Includes bibliographical references.</subfield>
      </datafield>
      <datafield tag="505" ind1="0" ind2="0">
         <subfield code="t">Archaeomagnetic investigations in Denmark /</subfield>
         <subfield code="r">N. Abrahamsen, N. Breiner --</subfield>
         <subfield code="t">Brittle sound of ceramics : can vases speak? /</subfield>
         <subfield code="r">P. Åström, M. Kleiner --</subfield>
         <subfield code="t">Trace elements studies by laser/DC-arc optical emission spectrography (OES) of some bronze artifacts from the Roman import to Scandinavia /</subfield>
         <subfield code="r">H.J. Bollingberg, U. Lund Hansen --</subfield>
         <subfield code="t">Computerized image processing of dental radiographs in forensic odontology /</subfield>
         <subfield code="r">H. Borrman, M. Rydmark --</subfield>
         <subfield code="t">Dendrochronology : three pieces of wood /</subfield>
         <subfield code="r">A. Bråthen --</subfield>
         <subfield code="t">Secondary ion mass spectrometry (SIMS) and its application in archaeometry /</subfield>
         <subfield code="r">P.M. Fischer, H. Odelius, A. Lodding --</subfield>
         <subfield code="t">Electrical resistivity and magnetic survey of an Iron Age hill fort /</subfield>
         <subfield code="r">I.G. Hedley, J.-J. Wagner, D. Ramseyer --</subfield>
         <subfield code="t">Impurity patterns and cultural history in the Central European Bronze Age /</subfield>
         <subfield code="r">D. Liversage --</subfield>
         <subfield code="t">Archaeological surveying with the topometer /</subfield>
         <subfield code="r">E. Lund --</subfield>
         <subfield code="t">Studies of ancient and prehistorical mortars : simulation tests /</subfield>
         <subfield code="r">R. Malinowski --</subfield>
         <subfield code="t">Early medieval copper-alloy artifacts : chemical and technical analysis /</subfield>
         <subfield code="r">C. Mortimer --</subfield>
         <subfield code="t">Neolithic flora and fauna from the Kashmir Valley, India /</subfield>
         <subfield code="r">M. Naseem --</subfield>
         <subfield code="t">DNA in bones form the Rössberga megalith /</subfield>
         <subfield code="r">P. Persson --</subfield>
         <subfield code="t">EDM technique applied to Ale's Stones in Scania /</subfield>
         <subfield code="r">C. Roslund --</subfield>
         <subfield code="t">Antike Längenmasse : deren Genauigkeit und Entwicklung auseinander /</subfield>
         <subfield code="r">R. Rottländer --</subfield>
         <subfield code="t">Direct dating of ancient rock paintings /</subfield>
         <subfield code="r">M.V. Rowe, J. Russ, M. Hyman --</subfield>
         <subfield code="t">Preliminary study on methods for a pictoral acquisition of archaeological founds /</subfield>
         <subfield code="r">R. Sablatnig, C. Menard, P. Dintsis --</subfield>
         <subfield code="t">In search of the farm buildings of the medieval Kalö Castle (Denmark) by means of magnetic survey and radar /</subfield>
         <subfield code="r">T. Sigurdsson, N. Abrahamsen, J. Frandsen --</subfield>
         <subfield code="t">Quantitative approach of Narhan ceramic assemblage /</subfield>
         <subfield code="r">A.K. Singh.</subfield>
      </datafield>
      <datafield tag="650" ind1=" " ind2="0">
         <subfield code="a">Archaeometry</subfield>
         <subfield code="v">Congresses.</subfield>
      </datafield>
      <datafield tag="650" ind1=" " ind2="0">
         <subfield code="a">Archaeology</subfield>
         <subfield code="x">Methodology</subfield>
         <subfield code="v">Congresses.</subfield>
      </datafield>
      <datafield tag="700" ind1="1" ind2=" ">
         <subfield code="a">Fischer, Peter M.</subfield>
         <subfield code="e">compiler.</subfield>
      </datafield>
      <datafield tag="710" ind1="2" ind2=" ">
         <subfield code="a">Scandinavian Archaeometry Center.</subfield>
      </datafield>
      <datafield tag="711" ind1="2" ind2=" ">
         <subfield code="a">Modern Tools in Archaeometry (Symposium)</subfield>
         <subfield code="d">(1991:</subfield>
         <subfield code="c">Gothenburg, Sweden)</subfield>
      </datafield>
      <datafield tag="OWN" ind1=" " ind2=" ">
         <subfield code="a">GENERAL</subfield>
      </datafield>
      <datafield tag="AVA" ind1=" " ind2=" ">
         <subfield code="a">NYU50</subfield>
         <subfield code="b">NISAW</subfield>
         <subfield code="c">Oversize Collection</subfield>
         <subfield code="d">CC75.7 .M637 1991</subfield>
         <subfield code="e">available</subfield>
         <subfield code="t">Available</subfield>
         <subfield code="f">1</subfield>
         <subfield code="g">0</subfield>
         <subfield code="h">N</subfield>
         <subfield code="i">0</subfield>
         <subfield code="j">OVERZ</subfield>
         <subfield code="k">0</subfield>
      </datafield>
      <marc:datafield tag="852" ind1=" " ind2=" ">
         <marc:subfield code="a">New York University</marc:subfield>
         <marc:subfield code="b">Institute for the Study of the Ancient World</marc:subfield>
         <marc:subfield code="c">Oversize Collection</marc:subfield>
         <marc:subfield code="e">15 East 84th Street</marc:subfield>
         <marc:subfield code="e">New York, NY  10028</marc:subfield>
      </marc:datafield>
   </record>