
  
  
  
  
  
  
 
  
  <record xsi:schemaLocation="http://www.loc.gov/MARC21/slim http://www.loc.gov/standards/marcxml/schema/MARC21slim.xsd">
      <leader>00000cam  2200637 a 4500</leader>
      <controlfield tag="FMT">BK</controlfield>
      <controlfield tag="LDR">00000cam  2200637 a 4500</controlfield>
      <controlfield tag="001">003927820</controlfield>
      <controlfield tag="003">OCoLC</controlfield>
      <controlfield tag="005">20140131140846.0</controlfield>
      <controlfield tag="008">140129s2007    cc ab         000 0 chi d</controlfield>
      <datafield tag="010" ind1=" " ind2=" ">
         <subfield code="a">2008495148</subfield>
      </datafield>
      <datafield tag="020" ind1=" " ind2=" ">
         <subfield code="a">9787501022519</subfield>
      </datafield>
      <datafield tag="020" ind1=" " ind2=" ">
         <subfield code="a">7501022518</subfield>
      </datafield>
      <datafield tag="035" ind1=" " ind2=" ">
         <subfield code="a">(OCoLC)191855852</subfield>
      </datafield>
      <datafield tag="040" ind1=" " ind2=" ">
         <subfield code="a">LWU</subfield>
         <subfield code="b">eng</subfield>
         <subfield code="c">LWU</subfield>
         <subfield code="d">DLC</subfield>
         <subfield code="d">WAU</subfield>
         <subfield code="d">CUY</subfield>
         <subfield code="d">OCLCF</subfield>
         <subfield code="d">NNU</subfield>
      </datafield>
      <datafield tag="042" ind1=" " ind2=" ">
         <subfield code="a">lccopycat</subfield>
      </datafield>
      <datafield tag="043" ind1=" " ind2=" ">
         <subfield code="a">a-cc-im</subfield>
      </datafield>
      <datafield tag="050" ind1=" " ind2="4">
         <subfield code="a">PL2448</subfield>
         <subfield code="b">.E556 2007</subfield>
      </datafield>
      <datafield tag="066" ind1=" " ind2=" ">
         <subfield code="c">$1</subfield>
      </datafield>
      <datafield tag="245" ind1="0" ind2="0">
         <subfield code="6">880-01</subfield>
         <subfield code="a">Ejina Han jian shi wen jiao ben /</subfield>
         <subfield code="c">Sun Jiazhou zhu bian.</subfield>
      </datafield>
      <datafield tag="246" ind1="3" ind2="0">
         <subfield code="6">880-02</subfield>
         <subfield code="a">Han jian shi wen jiao ben</subfield>
      </datafield>
      <datafield tag="250" ind1=" " ind2=" ">
         <subfield code="6">880-03</subfield>
         <subfield code="a">Di 1 ban.</subfield>
      </datafield>
      <datafield tag="260" ind1=" " ind2=" ">
         <subfield code="6">880-04</subfield>
         <subfield code="a">Beijing Shi :</subfield>
         <subfield code="b">Wen wu chu ban she,</subfield>
         <subfield code="c">2007.</subfield>
      </datafield>
      <datafield tag="300" ind1=" " ind2=" ">
         <subfield code="a">2, 5, 328 p., [4] p. of plates :</subfield>
         <subfield code="b">ill., maps ;</subfield>
         <subfield code="c">26 cm.</subfield>
      </datafield>
      <datafield tag="504" ind1=" " ind2=" ">
         <subfield code="a">Includes bibliographical references.</subfield>
      </datafield>
      <datafield tag="505" ind1="0" ind2="0">
         <subfield code="6">880-05</subfield>
         <subfield code="g">Shang pian. Ejina Han jian shi wen jiao zheng.</subfield>
         <subfield code="t">Ejina Han jian shi wen jiao zheng /</subfield>
         <subfield code="r">Ejina Han jian yan du ban --</subfield>
         <subfield code="t">Fu: Ejina Han jian ren ming suo yin ding bu /</subfield>
         <subfield code="r">Zhao Chongliang, Zhuang Xiaoxia --</subfield>
         <subfield code="g">Xia pian. Ejina Han jian yan jiu.</subfield>
         <subfield code="t">Juyan Han dai feng sui de diao cha fa jue ji qi gong neng chu tan /</subfield>
         <subfield code="r">Wei Jian --</subfield>
         <subfield code="t">Ejina Han jian ding wu /</subfield>
         <subfield code="r">Xie Huihua --</subfield>
         <subfield code="t">E jian shi du xian yi er ze /</subfield>
         <subfield code="r">Zhao Chongliang --</subfield>
         <subfield code="t">E jian shi jian guo er nian zhao shu ce yi gong shi jie /</subfield>
         <subfield code="r">Wu Wenling --</subfield>
         <subfield code="t">Chu du Ejina Han jian /</subfield>
         <subfield code="r">Xi Guihua --</subfield>
         <subfield code="t">Ejina Han jian shu shu zi liao kao /</subfield>
         <subfield code="r">Liu Yuexian --</subfield>
         <subfield code="t">Ejina "Zhuan bu shi li dian qu zhe" jian ce shi ming /</subfield>
         <subfield code="r">Wang Zijin --</subfield>
         <subfield code="t">Bian shu shi tan /</subfield>
         <subfield code="r">Mi Yi --</subfield>
         <subfield code="t">Xi Han yu Xinmang shi qi zheng fu xin xi chuan bo mei ji : Ejina Han jian bian shu tan xi /</subfield>
         <subfield code="r">Wu Wangzong --</subfield>
         <subfield code="t">Jizitui jian shi shi /</subfield>
         <subfield code="r">Sun Jiazhou --</subfield>
         <subfield code="t">Ejina Han jian jiao (ge ting) ji xiang guan wen ti /</subfield>
         <subfield code="r">Wang Zijin --</subfield>
         <subfield code="t">Ejina Han jian jiao qian shi jie /</subfield>
         <subfield code="r">Xie Guihua --</subfield>
         <subfield code="t">Shuo cai yong qian /</subfield>
         <subfield code="r">Zhao Chongliang --</subfield>
      </datafield>
      <datafield tag="505" ind1="0" ind2="0">
         <subfield code="6">880-06</subfield>
         <subfield code="t">Shi Xinmang fu cheng yu jiao cheng /</subfield>
         <subfield code="r">Zhuang Xiaoxia --</subfield>
         <subfield code="t">Jian du suo jian du feng zhuan shi shuo /</subfield>
         <subfield code="r">Wang Houmei --</subfield>
         <subfield code="t">Ejina Han jian fa zhi shi liao ke /</subfield>
         <subfield code="r">Li Junming --</subfield>
         <subfield code="t">Ejina Han jian fa lu yong yu ling shi /</subfield>
         <subfield code="r">Xu Shihong --</subfield>
         <subfield code="t">Feng huo pin yue xing zhi bian xi /</subfield>
         <subfield code="r">Yao Ying --</subfield>
         <subfield code="t">E jian gou shang ke tiao zai yan jiu : yi Juyan jian gou chang ke bie ce shu fu yuan ji xiang guang wen ti yan jiu wei zhong xin /</subfield>
         <subfield code="r">Zhang Zhongwei --</subfield>
         <subfield code="t">Shi Jian guo er nian zhao shu ce suo jian zhao shu zhi xia xing /</subfield>
         <subfield code="r">Ma Yi --</subfield>
         <subfield code="t">Shi jian guo er nian zhao shu ce yu Xinmang fen li Xiongnu shi wu Chanyu始建国二年诏书册与新莽分立匈奴十五单于 /</subfield>
         <subfield code="r">Luo Xin --</subfield>
         <subfield code="t">Shi jian guo er nian Xinmang yu Xiongnu guan xi shi shi kao bian /</subfield>
         <subfield code="r">Wu Wenling --</subfield>
         <subfield code="t">Guan yu Ejina Han jian suo jian Yuyan yan /</subfield>
         <subfield code="r">Wang Zijin --</subfield>
         <subfield code="t">Juyan yan de fa xian : jian shuo Neimenggu yan hu de yan hua yu qi hou huan jing shi kao cha ; Hexi Diqu Han dai wen wu zi liao zhong you guan zhu de xin xi /</subfield>
         <subfield code="r">Wang Zijin, Sun Jiayuan --</subfield>
         <subfield code="t">Ejina Han jian kao shi si ze /</subfield>
         <subfield code="r">Dang Chao --</subfield>
         <subfield code="t">Ejina Han jian suo jian li pu nian dai kao shi /</subfield>
         <subfield code="r">Zeng Lei --</subfield>
         <subfield code="t">Ejina ji nian jian chu kao /</subfield>
         <subfield code="r">Hong Chunrong --</subfield>
         <subfield code="t">Han dai gai yuan wen ti chu yi /</subfield>
         <subfield code="r">Li Lei.</subfield>
      </datafield>
      <datafield tag="650" ind1=" " ind2="0">
         <subfield code="a">Inscriptions, Chinese</subfield>
         <subfield code="6">880-09</subfield>
         <subfield code="z">China</subfield>
         <subfield code="z">Ejin Qi.</subfield>
      </datafield>
      <datafield tag="651" ind1=" " ind2="0">
         <subfield code="a">China</subfield>
         <subfield code="x">History</subfield>
         <subfield code="y">Han dynasty, 202 B.C.-220 A.D.</subfield>
      </datafield>
      <datafield tag="651" ind1=" " ind2="0">
         <subfield code="a">Ejin Qi (China)</subfield>
         <subfield code="6">880-07</subfield>
         <subfield code="x">Antiquities.</subfield>
      </datafield>
      <datafield tag="650" ind1=" " ind2="7">
         <subfield code="a">Antiquities.</subfield>
         <subfield code="2">fast</subfield>
         <subfield code="0">(OCoLC)fst00810745</subfield>
      </datafield>
      <datafield tag="650" ind1=" " ind2="7">
         <subfield code="a">Han Dynasty (China)</subfield>
         <subfield code="2">fast</subfield>
         <subfield code="0">(OCoLC)fst01696746</subfield>
      </datafield>
      <datafield tag="650" ind1=" " ind2="7">
         <subfield code="a">Inscriptions, Chinese.</subfield>
         <subfield code="2">fast</subfield>
         <subfield code="0">(OCoLC)fst00973859</subfield>
      </datafield>
      <datafield tag="651" ind1=" " ind2="7">
         <subfield code="a">China.</subfield>
         <subfield code="2">fast</subfield>
         <subfield code="0">(OCoLC)fst01206073</subfield>
      </datafield>
      <datafield tag="651" ind1=" " ind2="7">
         <subfield code="a">China</subfield>
         <subfield code="z">Ejin Qi.</subfield>
         <subfield code="2">fast</subfield>
         <subfield code="0">(OCoLC)fst01290994</subfield>
      </datafield>
      <datafield tag="648" ind1=" " ind2="7">
         <subfield code="a">202 B.C. - 220 A.D.</subfield>
         <subfield code="2">fast</subfield>
      </datafield>
      <datafield tag="655" ind1=" " ind2="7">
         <subfield code="a">History.</subfield>
         <subfield code="2">fast</subfield>
         <subfield code="0">(OCoLC)fst01411628</subfield>
      </datafield>
      <datafield tag="700" ind1="1" ind2=" ">
         <subfield code="a">Sun, Jiazhou</subfield>
         <subfield code="6">880-08</subfield>
      </datafield>
      <datafield tag="776" ind1="0" ind2="8">
         <subfield code="i">Online version:</subfield>
         <subfield code="t">Ejina Han jian shi wen jiao ben.</subfield>
         <subfield code="b">Di 1 ban.</subfield>
         <subfield code="d">Beijing Shi : Wen wu chu ban she, 2007</subfield>
         <subfield code="w">(OCoLC)743493726</subfield>
      </datafield>
      <datafield tag="880" ind1="0" ind2="0">
         <subfield code="6">245-01/</subfield>
         <subfield code="a">額濟納漢簡释文校本 /</subfield>
         <subfield code="c">孙家洲主编.</subfield>
      </datafield>
      <datafield tag="880" ind1="3" ind2="0">
         <subfield code="6">246-02/</subfield>
         <subfield code="a">漢簡釋文校本</subfield>
      </datafield>
      <datafield tag="880" ind1=" " ind2=" ">
         <subfield code="6">250-03/</subfield>
         <subfield code="a">第1版.</subfield>
      </datafield>
      <datafield tag="880" ind1=" " ind2=" ">
         <subfield code="6">260-04/</subfield>
         <subfield code="a">北京市 :</subfield>
         <subfield code="b">文物出版社,</subfield>
         <subfield code="c">2007.</subfield>
      </datafield>
      <datafield tag="880" ind1="0" ind2="0">
         <subfield code="6">505-05/</subfield>
         <subfield code="g">上篇. 额济纳汉简释文校正.</subfield>
         <subfield code="t">额济纳汉简释文校正 /</subfield>
         <subfield code="r">額濟納漢簡研讀班 --</subfield>
         <subfield code="t">附:额济纳汉简人名索引订补 --/</subfield>
         <subfield code="r">趙寵亮, 莊小霞 --</subfield>
         <subfield code="g">下篇:额济纳汉简研究.</subfield>
         <subfield code="t">居延汉代烽燧的调查发掘及其功能初探 /</subfield>
         <subfield code="r">魏堅 --</subfield>
         <subfield code="t">额济纳汉简订误 /</subfield>
         <subfield code="r">謝桂華 --</subfield>
         <subfield code="t">额简释读献疑二则 /</subfield>
         <subfield code="r">趙寵亮 --</subfield>
         <subfield code="t">额简始建国二年诏书册壹功试解 /</subfield>
         <subfield code="r">鄔文玲 --</subfield>
         <subfield code="t">初读额济纳汉简 /</subfield>
         <subfield code="r">謝桂華 --</subfield>
         <subfield code="t">额济纳汉简数术资料考 /</subfield>
         <subfield code="r">劉樂賢 --</subfield>
         <subfield code="t">额济纳《专部士吏典趣辄》简册释名 /</subfield>
         <subfield code="r">王子今 --</subfield>
         <subfield code="t">扁书试探 /</subfield>
         <subfield code="r">馬怡 --</subfield>
         <subfield code="t">西汉与新莽时期政府信息传播媒介 : 额济纳汉简扁书探析 /</subfield>
         <subfield code="r">吳旺宗 --</subfield>
         <subfield code="t">介子推简试释 /</subfield>
         <subfield code="r">孫家洲 --</subfield>
         <subfield code="t">额济纳汉简胶(革廷)及相关问题 /</subfield>
         <subfield code="r">王子今 --</subfield>
         <subfield code="t">额济纳汉简茭钱试解 /</subfield>
         <subfield code="r">謝桂華 --</subfield>
         <subfield code="t">说财用钱 /</subfield>
         <subfield code="r">趙寵亮 --</subfield>
      </datafield>
      <datafield tag="880" ind1="0" ind2="0">
         <subfield code="6">505-06/</subfield>
         <subfield code="t">释新莽附城爵称 /</subfield>
         <subfield code="r">莊小夏 --</subfield>
         <subfield code="t">简牍所见督烽掾试说 /</subfield>
         <subfield code="r">王後梅 --</subfield>
         <subfield code="t">额济纳汉简法制史料考 /</subfield>
         <subfield code="r">李均明 --</subfield>
         <subfield code="t">额济纳汉简法律用语零拾 /</subfield>
         <subfield code="r">徐世虹 --</subfield>
         <subfield code="t">烽火品约性质辨析 /</subfield>
         <subfield code="r">姚瑩 --</subfield>
         <subfield code="t">额简购赏科条再研究 : 以居延简购偿科别册书复原及相关问题研究为中心 /</subfield>
         <subfield code="r">張忠煒 --</subfield>
         <subfield code="t">始建国二年诏书册所见诏书之下行 /</subfield>
         <subfield code="r">馬怡 --</subfield>
         <subfield code="t">始建国二年诏书册与新莽分立匈奴十五单于 /</subfield>
         <subfield code="r">羅新 --</subfield>
         <subfield code="t">始建国二年新莽与匈奴关系史事考辨 /</subfield>
         <subfield code="r">鄔文玲 --</subfield>
         <subfield code="t">关于额济纳汉简所见居延盐 /</subfield>
         <subfield code="r">王子今 --</subfield>
         <subfield code="t">居延盐的发现 : 兼说内蒙古盐湖的演化与气候环境史考察 ; 河西地区汉代文物资料中有关竹的信息 /</subfield>
         <subfield code="r">王子今, 孫家洲 --</subfield>
         <subfield code="t">额济纳汉简考释四则 /</subfield>
         <subfield code="r">黨超 --</subfield>
         <subfield code="t">额济纳汉简所见历谱年代考释 /</subfield>
         <subfield code="r">曾磊 --</subfield>
         <subfield code="t">额济纳纪年简初考 /</subfield>
         <subfield code="r">洪春嶸 --</subfield>
         <subfield code="t">汉代改元问题刍议 /</subfield>
         <subfield code="r">李蕾.</subfield>
      </datafield>
      <datafield tag="880" ind1=" " ind2="4">
         <subfield code="6">650-09/</subfield>
         <subfield code="a">Inscriptions, Chinese</subfield>
         <subfield code="z">China</subfield>
         <subfield code="z">額濟納旗.</subfield>
      </datafield>
      <datafield tag="880" ind1=" " ind2="4">
         <subfield code="6">651-07/</subfield>
         <subfield code="a">額濟納旗 (China)</subfield>
         <subfield code="x">Antiquities.</subfield>
      </datafield>
      <datafield tag="880" ind1="1" ind2=" ">
         <subfield code="6">700-08/</subfield>
         <subfield code="a">孙家洲.</subfield>
      </datafield>
      <datafield tag="994" ind1=" " ind2=" ">
         <subfield code="a">Z0</subfield>
         <subfield code="b">ZYU</subfield>
      </datafield>
      <datafield tag="OWN" ind1=" " ind2=" ">
         <subfield code="a">GENERAL</subfield>
      </datafield>
      <datafield tag="OWN" ind1=" " ind2=" ">
         <subfield code="a">GENERAL</subfield>
      </datafield>
      <datafield tag="AVA" ind1=" " ind2=" ">
         <subfield code="a">NYU50</subfield>
         <subfield code="b">NISAW</subfield>
         <subfield code="c">Small Collection</subfield>
         <subfield code="d">PL2448 .E556 2007</subfield>
         <subfield code="e">available</subfield>
         <subfield code="t">Available</subfield>
         <subfield code="f">1</subfield>
         <subfield code="g">0</subfield>
         <subfield code="h">N</subfield>
         <subfield code="i">0</subfield>
         <subfield code="j">SMALL</subfield>
         <subfield code="k">0</subfield>
      </datafield>
      <marc:datafield tag="852" ind1=" " ind2=" ">
         <marc:subfield code="a">New York University</marc:subfield>
         <marc:subfield code="b">Institute for the Study of the Ancient World</marc:subfield>
         <marc:subfield code="c">Small Collection</marc:subfield>
         <marc:subfield code="e">15 East 84th Street</marc:subfield>
         <marc:subfield code="e">New York, NY  10028</marc:subfield>
      </marc:datafield>
   </record>