
  
  
  
  
  
 
  
  <record xsi:schemaLocation="http://www.loc.gov/MARC21/slim http://www.loc.gov/standards/marcxml/schema/MARC21slim.xsd">
      <leader>00000cam a2200277 a 4500</leader>
      <controlfield tag="FMT">BK</controlfield>
      <controlfield tag="LDR">00000cam a2200277 a 4500</controlfield>
      <controlfield tag="001">003927080</controlfield>
      <controlfield tag="003">OCoLC</controlfield>
      <controlfield tag="005">20140306150924.0</controlfield>
      <controlfield tag="008">140127s1979    gw abef  b    100 0 eng d</controlfield>
      <datafield tag="035" ind1=" " ind2=" ">
         <subfield code="a">(OCoLC)640814245</subfield>
      </datafield>
      <datafield tag="040" ind1=" " ind2=" ">
         <subfield code="a">B3G</subfield>
         <subfield code="b">eng</subfield>
         <subfield code="c">B3G</subfield>
         <subfield code="d">NNU</subfield>
      </datafield>
      <datafield tag="041" ind1="0" ind2=" ">
         <subfield code="a">eng</subfield>
         <subfield code="a">fre</subfield>
         <subfield code="a">ger</subfield>
         <subfield code="a">ita</subfield>
      </datafield>
      <datafield tag="043" ind1=" " ind2=" ">
         <subfield code="a">f-ua---</subfield>
      </datafield>
      <datafield tag="050" ind1=" " ind2="4">
         <subfield code="a">DT60</subfield>
         <subfield code="b">.I57 1976</subfield>
      </datafield>
      <datafield tag="111" ind1="2" ind2=" ">
         <subfield code="a">International Congress of Egyptology</subfield>
         <subfield code="n">(1st :</subfield>
         <subfield code="d">1976 :</subfield>
         <subfield code="c">Cairo)</subfield>
      </datafield>
      <datafield tag="245" ind1="1" ind2="0">
         <subfield code="a">Acts :</subfield>
         <subfield code="b">first International Congress of Egyptology : Cairo, October 2-10, 1976 /</subfield>
         <subfield code="c">edited by Walter F. Reineke.</subfield>
      </datafield>
      <datafield tag="246" ind1="3" ind2="1">
         <subfield code="a">Actes :</subfield>
         <subfield code="b">premier congrès international d'égyptologie</subfield>
      </datafield>
      <datafield tag="246" ind1="3" ind2="1">
         <subfield code="a">Akten :</subfield>
         <subfield code="b">erster internationaler Ägyptologen-Kongress</subfield>
      </datafield>
      <datafield tag="246" ind1="3" ind2="0">
         <subfield code="a">First International Congress of Egyptology</subfield>
      </datafield>
      <datafield tag="246" ind1="3" ind2="0">
         <subfield code="a">Premier congrès international d'égyptologie</subfield>
      </datafield>
      <datafield tag="246" ind1="3" ind2="0">
         <subfield code="a">Erster internationaler Ägyptologen-Kongress</subfield>
      </datafield>
      <datafield tag="246" ind1="3" ind2="8">
         <subfield code="a">Acts 1st ICE</subfield>
      </datafield>
      <datafield tag="260" ind1=" " ind2=" ">
         <subfield code="a">Berlin :</subfield>
         <subfield code="b">Akademie-Verlag,</subfield>
         <subfield code="c">1979.</subfield>
      </datafield>
      <datafield tag="300" ind1=" " ind2=" ">
         <subfield code="a">704 p., 93 p. of plates :</subfield>
         <subfield code="b">ill., map, plans ;</subfield>
         <subfield code="c">25 cm.</subfield>
      </datafield>
      <datafield tag="490" ind1="1" ind2=" ">
         <subfield code="a">Schriften zur Geschichte und Kultur des alten Orients ;</subfield>
         <subfield code="v">14</subfield>
      </datafield>
      <datafield tag="546" ind1=" " ind2=" ">
         <subfield code="a">Contributions in English, French, German, or Italian; parallel titles in Arabic, French, and German.</subfield>
      </datafield>
      <datafield tag="500" ind1=" " ind2=" ">
         <subfield code="a">At head of title: Akademie der Wissenschaften der DDR, Zentralinstitut für alte Geschichte und Archäologie.</subfield>
      </datafield>
      <datafield tag="504" ind1=" " ind2=" ">
         <subfield code="a">Includes bibliographical references.</subfield>
      </datafield>
      <datafield tag="505" ind1="2" ind2="0">
         <subfield code="t">Altägyptisches Recht (Forschungsstand, Perspektiven) /</subfield>
         <subfield code="r">S. Allam --</subfield>
         <subfield code="t">Fouilles à Hérakléopolis Magna (1976) /</subfield>
         <subfield code="r">M. Almagro, F.J. Presedo --</subfield>
         <subfield code="t">Hypothèse concernant la construction des pyramides /</subfield>
         <subfield code="r">A. Badawy --</subfield>
         <subfield code="t">Sphinx avenue of the Luxor Temple : its literary and historical importance /</subfield>
         <subfield code="r">Ḥassan S.K. Bakry --</subfield>
         <subfield code="t">Foundation date of Ibiza from the Egyptian scarabs found there /</subfield>
         <subfield code="r">L. Baqués --</subfield>
         <subfield code="t">Myths and symbols in a cartonnage coffin of the XXIst Dynasty from the Sutro collection at San Francisco State University /</subfield>
         <subfield code="r">A.L. Becker-Colonna --</subfield>
         <subfield code="t">Present state of Egyptian archaeology /</subfield>
         <subfield code="r">M. Bietak --</subfield>
         <subfield code="t">Tagmemic analysis of Late Egyptian /</subfield>
         <subfield code="r">J.F. Borghouts --</subfield>
         <subfield code="t">Manual of ancient Egyptian pottery /</subfield>
         <subfield code="r">J. Bourriau --</subfield>
         <subfield code="t">Hieratische Ostraka vom Grab des Tjanuni, Theben Nr. 74, Funde von der schweizerischen Grabung 1975 /</subfield>
         <subfield code="r">A. Brack --</subfield>
         <subfield code="t">Progretto di pubblicazione degli ostraka demotici e greco-demotici di Medinet Madi (scavi A. Vogliano, Università di Milano, 1939) /</subfield>
         <subfield code="r">E. Bresciani --</subfield>
         <subfield code="t">Museum problems /</subfield>
         <subfield code="r">S. Curto --</subfield>
         <subfield code="t">ḥtp di n&lt;y&gt;swt formula, new variant from Meir /</subfield>
         <subfield code="r">E. Dąbrowska-Smektała --</subfield>
         <subfield code="t">Wallpaintings of the chapel of the Monastery of Saint Antūnīyous by the Red Sea of Egypt /</subfield>
         <subfield code="r">I. Danneskiold-Samsøe --</subfield>
         <subfield code="t">Corpus de traduction de tous les textes égyptiens dans la collection "Littératures anciennes du Proche Orient" /</subfield>
         <subfield code="r">F. Daumas --</subfield>
         <subfield code="t">Projet d'un dictionnaire égyptien ptolémaïque /</subfield>
         <subfield code="r">F. Daumas --</subfield>
         <subfield code="t">Zum Stand der Erforschung der altägyptischen Sportgeschichte /</subfield>
         <subfield code="r">W. Decker --</subfield>
         <subfield code="t">Coptic liturgical manuscripts from Polish collection /</subfield>
         <subfield code="r">A. Dembska --</subfield>
         <subfield code="t">Problemi sul significato religioso e cultuale dei vasi canopi /</subfield>
         <subfield code="r">C. Dolzani --</subfield>
         <subfield code="t">Remise en état de la Tombe no 27 à l'Asasif /</subfield>
         <subfield code="r">S. Donadoni --</subfield>
         <subfield code="t">Fouilles dans le Musée de Turin : une statuette de Tiyi-Touéris ; des cartons de tissage copte /</subfield>
         <subfield code="r">A.M. Donadoni-Roveri --</subfield>
         <subfield code="t">Bulletin signalétique /</subfield>
         <subfield code="r">M. Dreisine --</subfield>
         <subfield code="t">Khat headdress to the end of the Amarna period /</subfield>
         <subfield code="r">M. Eaton-Krauss --</subfield>
      </datafield>
      <datafield tag="505" ind1="2" ind2="0">
         <subfield code="t">Grabungen auf der Qubbet el Hawa 1975 /</subfield>
         <subfield code="r">E. Edel --</subfield>
         <subfield code="t">Bericht über das Projekt des "Corpus Antiquitatum Aegyptiacarum (CAA)" /</subfield>
         <subfield code="r">A. Eggebrecht --</subfield>
         <subfield code="t">Zur Frage der Bewässerung im pharaonischen Ägypten /</subfield>
         <subfield code="r">E. Endesfelder --</subfield>
         <subfield code="t">Documentation of minor collections in the United State /</subfield>
         <subfield code="r">E.L. Ertman --</subfield>
         <subfield code="t">Trends in the study of Predynastic social structures /</subfield>
         <subfield code="r">R. Fattovich --</subfield>
         <subfield code="t">Thème de la Nativité dans les tissus coptes, à propos d'un exemplaire inédit /</subfield>
         <subfield code="r">L. del Francia --</subfield>
         <subfield code="t">Clergé féminin au Nouvel Empire /</subfield>
         <subfield code="r">M. Gitton --</subfield>
         <subfield code="t">Trande in the Near and Middle East and the chronological problems of the late 2nd millennium : an approach by neutron activation analysis /</subfield>
         <subfield code="r">K.B. Gödecken --</subfield>
         <subfield code="t">Bericht über die Arbeit an einem Wörterbuch der semitischen Fremdwörter im Ägyptischen /</subfield>
         <subfield code="r">M. Görg --</subfield>
         <subfield code="t">Bericht über die arbeit an einem Korpus der Funktionäre und Priester der thebanischen Gottesgemahlinnen /</subfield>
         <subfield code="r">E. Graefe --</subfield>
         <subfield code="t">Comparaison entre les Egyptiens dynastiques d'Asiut et de Gebelen au niveau de la carie et de l'usure des dents /</subfield>
         <subfield code="r">R.R. Grilletto --</subfield>
         <subfield code="t">Mr.tj, ägyptische Vorläufer der Sirenen? /</subfield>
         <subfield code="r">W. Guglielmi --</subfield>
         <subfield code="t">Strukturfragen bei der Analyse und Interpretation ägyptischer historischer Texte /</subfield>
         <subfield code="r">R. Gundlach --</subfield>
         <subfield code="t">Damages and robberies of Egyptian monuments in the last half century /</subfield>
         <subfield code="r">Labib Habachi --</subfield>
         <subfield code="t">Onomastique méroïtique dans les graffites du Dodécaschène /</subfield>
         <subfield code="r">M.E. Hainsworth --</subfield>
         <subfield code="t">Archaeological stie of Alexandria before Alexander /</subfield>
         <subfield code="r">N.M.A. El-Halim --</subfield>
         <subfield code="t">Statistische Methoden in der Ägyptologie? /</subfield>
         <subfield code="r">F. Hintze --</subfield>
         <subfield code="t">Principes fondamentaux dans l'étude des scarabées égyptiens ornementés /</subfield>
         <subfield code="r">S.I. Hodjache --</subfield>
         <subfield code="t">Egyptology in Finland /</subfield>
         <subfield code="r">R. Holthoer --</subfield>
         <subfield code="t">Zeugnisse ägyptischer Kultur im vorrömischen Italien /</subfield>
         <subfield code="r">G. Hölbl --</subfield>
         <subfield code="t">Oblation offered to reigning king and queen /</subfield>
         <subfield code="r">Mokiy Eldin Ibrahim --</subfield>
         <subfield code="t">Spruch : "Die Häuser im Wasser zu bauen" (CT VI, Sp. 571) (zur Frage der Lokalisierung der Nekropole von Buto-Sais) /</subfield>
         <subfield code="r">D. Jankuhn --</subfield>
      </datafield>
      <datafield tag="505" ind1="2" ind2="0">
         <subfield code="t">Annual Egyptological Bibliography /</subfield>
         <subfield code="r">J.J. Janssen --</subfield>
         <subfield code="t">Zur Syntax des sdm=f+ /</subfield>
         <subfield code="r">F. Junge --</subfield>
         <subfield code="t">Some problems of Late Egyptian religion /</subfield>
         <subfield code="r">L. Kákosy --</subfield>
         <subfield code="t">Provincial movement in the Sixth Dynasty of Egypt /</subfield>
         <subfield code="r">N. Kanawati --</subfield>
         <subfield code="t">Question of the Beautiful Feast of the Valley representations in Hatshepsut's temple at Deir el-Bahari /</subfield>
         <subfield code="r">J. Karkowski --</subfield>
         <subfield code="t">Production of pottery in ancient Egypt /</subfield>
         <subfield code="r">A.L. Kelley --</subfield>
         <subfield code="t">City of el-Amarna as a source for the study of urban society in Egypt /</subfield>
         <subfield code="r">B.J. Kemp --</subfield>
         <subfield code="t">Neue Technik bei der Darstellung traditioneller Objekte /</subfield>
         <subfield code="r">H. Kischkewitz --</subfield>
         <subfield code="t">Etape mal connue de l'art égyptien d'époque romaine : les portraits de Caracalla /</subfield>
         <subfield code="r">Z. Kiss --</subfield>
         <subfield code="t">Aspects of Ramesside Egypt /</subfield>
         <subfield code="r">K.A. Kitchen --</subfield>
         <subfield code="t">Noms de la ville de Dendara inscrits dans la Crypte des Archives /</subfield>
         <subfield code="r">Zeinab el-Kordy --</subfield>
         <subfield code="t">Study of the painters of the Tomb of Menna, No. 69 /</subfield>
         <subfield code="r">A.P. Kozloff --</subfield>
         <subfield code="t">Meritaten as ruling queen of Egypt and successor of her father Nipkhururia-Akhenaten /</subfield>
         <subfield code="r">R. Krauss --</subfield>
         <subfield code="t">Trends in the socio-economic development of Egyptian Predynastic societies /</subfield>
         <subfield code="r">L. Krzyżaniak --</subfield>
         <subfield code="t">Dekoration der Säulen im Pronaos des Tempels von Edfu /</subfield>
         <subfield code="r">D. Kurth --</subfield>
         <subfield code="t">Remarques sur le sanctuaire ptolémaique à Deir el-Bahari /</subfield>
         <subfield code="r">E. Laskowska-Kusztal --</subfield>
         <subfield code="t">Triangle sacré dans les monuments de l'Ancien Empire /</subfield>
         <subfield code="r">J.-Ph. Lauer --</subfield>
         <subfield code="t">Egyptian collection in the national museum in Havana /</subfield>
         <subfield code="r">J. Lipińska --</subfield>
         <subfield code="t">Radiological aspects of the Egyptian mummies of the Museo Arqueologico Nacional of Madrid /</subfield>
         <subfield code="r">E. Llagostera --</subfield>
         <subfield code="t">Evidence of Egyptian cult in Cyprus /</subfield>
         <subfield code="r">M.C. Loulloupis --</subfield>
         <subfield code="t">Faience de Mît Rahîneh --</subfield>
         <subfield code="r">R.A. Lunsingh Scheurleer --</subfield>
         <subfield code="t">Ancient Egyptian collections in Poland /</subfield>
         <subfield code="r">A. Majewska --</subfield>
         <subfield code="t">Monuments privés du Moyen Empire, leur classement, un corpus, une histoire des institutions /</subfield>
         <subfield code="r">M. Malaise --</subfield>
         <subfield code="t">Ostraca hiératiques de Dier el Bahari /</subfield>
         <subfield code="r">M. Marciniak --</subfield>
         <subfield code="t">New Kingdom necropolis at Saqqâra /</subfield>
         <subfield code="r">G.T. Martin --</subfield>
      </datafield>
      <datafield tag="505" ind1="2" ind2="0">
         <subfield code="t">Desiderata for the historical and comparative study of Egyptian /</subfield>
         <subfield code="r">E.S. Meltzer --</subfield>
         <subfield code="t">Rapports de dépendance en Egypte à l'époque saïte et perse /</subfield>
         <subfield code="r">B. Menu --</subfield>
         <subfield code="t">Zur Archäologie der Vor- und Frühgeschichte des Deltas /</subfield>
         <subfield code="r">H.W. Müller --</subfield>
         <subfield code="t">Problèmes des recherches sur l'iconographie du dieu Atoum /</subfield>
         <subfield code="r">K. Myśliwiec --</subfield>
         <subfield code="t">Urgent scientific investigation of the Eastern Delta and the Eastern Desert /</subfield>
         <subfield code="r">A. Nibbi --</subfield>
         <subfield code="t">Collection of the demotic ostraca in Cairo Museum /</subfield>
         <subfield code="r">M.A. Nur-el-Din --</subfield>
         <subfield code="t">Taposiris Magna : 1975 season /</subfield>
         <subfield code="r">E.L. Ochsenschlager --</subfield>
         <subfield code="t">A propos des trouvailles égyptiennes dans la Péninsule Ibérique : considerations sur les relations de l'Egypte avec l'Occident de l'Europe à la Basse Epoque /</subfield>
         <subfield code="r">J. Padró --</subfield>
         <subfield code="t">Collection egyptienne du Musée Archéologique National de Madrid (Espagne) /</subfield>
         <subfield code="r">M.C. Pérez Die --</subfield>
         <subfield code="t">Tâche prioritaire /</subfield>
         <subfield code="r">G. Posener --</subfield>
         <subfield code="t">Mesures des textiles à l'Ancien Empire /</subfield>
         <subfield code="r">P. Posener-Kriéger --</subfield>
         <subfield code="t">Dernières découvertes à Hérakléopolis Magna /</subfield>
         <subfield code="r">F.J. Presedo Velo --</subfield>
         <subfield code="t">Pour un inventaire raisonné des données relatives à la religion égyptienne d'après les sources documentaires grecques /</subfield>
         <subfield code="r">J. Quaegebeur --</subfield>
         <subfield code="t">Mathematik und Gesellschaft im Alten Ägypten /</subfield>
         <subfield code="r">W.F. Reineke --</subfield>
         <subfield code="t">Procédés employés dans l'assemblage des papyrus de Turin /</subfield>
         <subfield code="r">A. Roccati --</subfield>
         <subfield code="t">Notes on the phonetic values of some Egyptian letters /</subfield>
         <subfield code="r">A. Saleh --</subfield>
         <subfield code="t">Votivstatuen mit Emblemstäben /</subfield>
         <subfield code="r">H. Satzinger --</subfield>
         <subfield code="t">Discovery of the site of the 12th Dynasty port at Wâdi Gawâsîs on the Red Sea shore /</subfield>
         <subfield code="r">Abdel-Monem A.H. Sayed --</subfield>
         <subfield code="t">Bücher und Bibliotheken im alten Ägypten /</subfield>
         <subfield code="r">E. Schott --</subfield>
         <subfield code="t">Zur Chronologie der Verfehmung Hatschepsuts durch Thutmosis III /</subfield>
         <subfield code="r">W. Seipel --</subfield>
         <subfield code="t">Statue of Bakenkhons in the university museum of Rome /</subfield>
         <subfield code="r">L.M.C. Sist --</subfield>
         <subfield code="t">Demotic version of a hymn to Amon /</subfield>
         <subfield code="r">M. Smith --</subfield>
         <subfield code="t">Civil war between Amasis and Apries and the Babylonian attack against Egypt /</subfield>
         <subfield code="r">A.J. Spalinger --</subfield>
      </datafield>
      <datafield tag="505" ind1="2" ind2="0">
         <subfield code="t">Aegean foreigners in Rekhmire's tomb and the Keftiu problem /</subfield>
         <subfield code="r">J. Strange --</subfield>
         <subfield code="t">Contribution to the archaeology and anthropology of Egyptian Nubia in IVth-VIth centuries A.D. /</subfield>
         <subfield code="r">E. Strouhal --</subfield>
         <subfield code="t">Research on Egyptian mummies in Czechoslovakia /</subfield>
         <subfield code="r">E. Strouhal, L. Vyhnánek --</subfield>
         <subfield code="t">Iseums of the Roman imperial period : some problems /</subfield>
         <subfield code="r">T. Szentléleky --</subfield>
         <subfield code="t">Analyse des archäologischen Materials in Bezug auf seine religiösen Inhalte /</subfield>
         <subfield code="r">P. Szolc --</subfield>
         <subfield code="t">Some remarks on the temple of Garf Hussein /</subfield>
         <subfield code="r">M.A.-L. El-Tanbouli --</subfield>
         <subfield code="t">Was Aton, the god of Akhenaten, only a manifestation of the god Re? /</subfield>
         <subfield code="r">S. Tawfik --</subfield>
         <subfield code="t">Sarapis debout : un problème iconographique /</subfield>
         <subfield code="r">Tran tam Tinh --</subfield>
         <subfield code="t">Ways of relations between Upper Egypt and Palestine during the Late Chalcolithic Period /</subfield>
         <subfield code="r">S.P. Tutundžić --</subfield>
         <subfield code="t">Village de Deir el-Médineh : essai de chronologie schématique /</subfield>
         <subfield code="r">D. Valbelle --</subfield>
         <subfield code="t">Sur quelques statues usurpées par Ramsès II (British Museum 61 et Louvre A 20) /</subfield>
         <subfield code="r">C. Vandersleyen --</subfield>
         <subfield code="t">Czechoslovak excavations at Abusir /</subfield>
         <subfield code="r">M. Verner --</subfield>
         <subfield code="t">Archaeological map of the Theban necropolis /</subfield>
         <subfield code="r">K.R. Weeks --</subfield>
         <subfield code="t">Archivarbeit in der ägyptologischen Forschung /</subfield>
         <subfield code="r">V. Wessetzky --</subfield>
         <subfield code="t">Herkunftsbestimmung altägyptischen Steinmaterials /</subfield>
         <subfield code="r">D. Wildung --</subfield>
         <subfield code="t">Amenhotep III and Ramesses II : the standing colossi at Luxor /</subfield>
         <subfield code="r">F.J. Yurco --</subfield>
         <subfield code="t">Neue literarische Texte in demotischer Schrift /</subfield>
         <subfield code="r">K.-Th. Zauzich --</subfield>
         <subfield code="t">Function of ancient Egyptian place names /</subfield>
         <subfield code="r">K. Zibelius --</subfield>
         <subfield code="t">Proposal for a classification of the Annual Egyptological Bibliography (AEB) /</subfield>
         <subfield code="r">L.M.J. Zonhoven.</subfield>
      </datafield>
      <datafield tag="650" ind1=" " ind2="0">
         <subfield code="a">Egyptology</subfield>
         <subfield code="v">Congresses.</subfield>
      </datafield>
      <datafield tag="651" ind1=" " ind2="0">
         <subfield code="a">Egypt</subfield>
         <subfield code="x">Antiquities</subfield>
         <subfield code="v">Congresses.</subfield>
      </datafield>
      <datafield tag="700" ind1="1" ind2=" ">
         <subfield code="a">Reineke, Walter F.</subfield>
         <subfield code="e">ed.</subfield>
      </datafield>
      <datafield tag="710" ind1="2" ind2=" ">
         <subfield code="a">Akademie der Wissenschaften der DDR.</subfield>
         <subfield code="b">Zentralinstitut für Alte Geschichte und Archäologie.</subfield>
      </datafield>
      <datafield tag="830" ind1=" " ind2="0">
         <subfield code="a">Schriften zur Geschichte und Kultur des alten Orients,</subfield>
         <subfield code="d">14.</subfield>
      </datafield>
      <datafield tag="994" ind1=" " ind2=" ">
         <subfield code="a">Z0</subfield>
         <subfield code="b">ZYU</subfield>
      </datafield>
      <datafield tag="OWN" ind1=" " ind2=" ">
         <subfield code="a">GENERAL</subfield>
      </datafield>
      <datafield tag="936" ind1=" " ind2=" ">
         <subfield code="a">PR 469778166</subfield>
      </datafield>
      <datafield tag="AVA" ind1=" " ind2=" ">
         <subfield code="a">NYU50</subfield>
         <subfield code="b">NISAW</subfield>
         <subfield code="c">Small Collection</subfield>
         <subfield code="d">DT60 .I57 1976</subfield>
         <subfield code="e">available</subfield>
         <subfield code="t">Available</subfield>
         <subfield code="f">1</subfield>
         <subfield code="g">0</subfield>
         <subfield code="h">N</subfield>
         <subfield code="i">0</subfield>
         <subfield code="j">SMALL</subfield>
         <subfield code="k">0</subfield>
      </datafield>
      <marc:datafield tag="852" ind1=" " ind2=" ">
         <marc:subfield code="a">New York University</marc:subfield>
         <marc:subfield code="b">Institute for the Study of the Ancient World</marc:subfield>
         <marc:subfield code="c">Small Collection</marc:subfield>
         <marc:subfield code="e">15 East 84th Street</marc:subfield>
         <marc:subfield code="e">New York, NY  10028</marc:subfield>
      </marc:datafield>
   </record>