
  
  
  
  
  
  
 
  
  <record xsi:schemaLocation="http://www.loc.gov/MARC21/slim http://www.loc.gov/standards/marcxml/schema/MARC21slim.xsd">
      <leader>00000cam a2200697 i 4500</leader>
      <controlfield tag="FMT">BK</controlfield>
      <controlfield tag="LDR">00000cam a2200697 i 4500</controlfield>
      <controlfield tag="001">003925033</controlfield>
      <controlfield tag="003">OCoLC</controlfield>
      <controlfield tag="005">20140403171612.0</controlfield>
      <controlfield tag="008">140121t20132013be abe   b    100 0deng d</controlfield>
      <datafield tag="020" ind1=" " ind2=" ">
         <subfield code="a">9789042929050 (pbk.)</subfield>
         <subfield code="z">9789042929057 (pbk.)</subfield>
      </datafield>
      <datafield tag="020" ind1=" " ind2=" ">
         <subfield code="a">9042929057 (pbk.)</subfield>
      </datafield>
      <datafield tag="035" ind1=" " ind2=" ">
         <subfield code="a">(OCoLC)836719071</subfield>
         <subfield code="z">(OCoLC)832313400</subfield>
      </datafield>
      <datafield tag="035" ind1="7" ind2=" ">
         <subfield code="a">ybp100600005</subfield>
      </datafield>
      <datafield tag="040" ind1=" " ind2=" ">
         <subfield code="a">OHX</subfield>
         <subfield code="b">eng</subfield>
         <subfield code="e">rda</subfield>
         <subfield code="c">OHX</subfield>
         <subfield code="d">KAT</subfield>
         <subfield code="d">CIN</subfield>
         <subfield code="d">OCLCO</subfield>
         <subfield code="d">IXA</subfield>
         <subfield code="d">ERASA</subfield>
         <subfield code="d">MUU</subfield>
         <subfield code="d">BTCTA</subfield>
         <subfield code="d">CLU</subfield>
         <subfield code="d">CDX</subfield>
         <subfield code="d">YDXCP</subfield>
         <subfield code="d">OCLCQ</subfield>
         <subfield code="d">NUI</subfield>
         <subfield code="d">HEBIS</subfield>
         <subfield code="d">NNU</subfield>
      </datafield>
      <datafield tag="043" ind1=" " ind2=" ">
         <subfield code="a">mm-----</subfield>
      </datafield>
      <datafield tag="050" ind1=" " ind2="4">
         <subfield code="a">BL687</subfield>
         <subfield code="b">.C485 2013</subfield>
      </datafield>
      <datafield tag="072" ind1=" " ind2="7">
         <subfield code="a">NA</subfield>
         <subfield code="2">lcco</subfield>
      </datafield>
      <datafield tag="072" ind1=" " ind2="7">
         <subfield code="a">BL</subfield>
         <subfield code="2">lcco</subfield>
      </datafield>
      <datafield tag="082" ind1="0" ind2="4">
         <subfield code="a">200.93</subfield>
      </datafield>
      <datafield tag="245" ind1="0" ind2="0">
         <subfield code="a">Cities and gods :</subfield>
         <subfield code="b">religious space in transition /</subfield>
         <subfield code="c">edited by Ted Kaizer, Anna Leone, Edmund Thomas, and Robert Witcher.</subfield>
      </datafield>
      <datafield tag="264" ind1=" " ind2="1">
         <subfield code="a">Leuven ;</subfield>
         <subfield code="a">Walpole, MA :</subfield>
         <subfield code="b">Peeters,</subfield>
         <subfield code="c">2013.</subfield>
      </datafield>
      <datafield tag="264" ind1=" " ind2="4">
         <subfield code="c">©2013.</subfield>
      </datafield>
      <datafield tag="300" ind1=" " ind2=" ">
         <subfield code="a">vii, 173 pages :</subfield>
         <subfield code="b">illustrations (some color), maps (some color), plans ;</subfield>
         <subfield code="c">28 cm.</subfield>
      </datafield>
      <datafield tag="336" ind1=" " ind2=" ">
         <subfield code="a">text</subfield>
         <subfield code="b">txt</subfield>
         <subfield code="2">rdacontent</subfield>
      </datafield>
      <datafield tag="337" ind1=" " ind2=" ">
         <subfield code="a">unmediated</subfield>
         <subfield code="b">n</subfield>
         <subfield code="2">rdamedia</subfield>
      </datafield>
      <datafield tag="338" ind1=" " ind2=" ">
         <subfield code="a">volume</subfield>
         <subfield code="b">nc</subfield>
         <subfield code="2">rdacarrier</subfield>
      </datafield>
      <datafield tag="490" ind1="1" ind2=" ">
         <subfield code="a">Babesch. Supplement,</subfield>
         <subfield code="x">0165-9367 ;</subfield>
         <subfield code="v">22</subfield>
      </datafield>
      <datafield tag="500" ind1=" " ind2=" ">
         <subfield code="a">"This volume originates in a conference 'Cities and gods: interdisciplinary perspectives', organised by the editors of the present volume at St John's College, Durham, on 6-7 July 2007"--Page vii.</subfield>
      </datafield>
      <datafield tag="504" ind1=" " ind2=" ">
         <subfield code="a">Includes bibliographical references.</subfield>
      </datafield>
      <datafield tag="520" ind1=" " ind2=" ">
         <subfield code="a">"This volume explores the impact of religious traditions on the physical and social organization of cities in the ancient world. The contributors draw on diverse theories, methods and evidence to identify the existence of broad similarities and differences in the urban religious experience. Individual papers range from the Roman Republican period to Late Antiquity, and encompass the city of Rome, Italy, and both the eastern and western provinces. Specific themes include the relationship between liturgy and temple architecture, the influence of religious traditions on civic spaces, and the impact of Christianity on the pagan city. Together, these papers make the case for the centrality of ritual and religion in the experience of the ancient city and throw light on current debates by providing historical examples of the varied ways in which communities accommodate changing religious practices in the urban fabric"--Page 4 of cover.</subfield>
      </datafield>
      <datafield tag="505" ind1="0" ind2="0">
         <subfield code="g">part 1. Religious architecture in urban contexts.</subfield>
         <subfield code="t">Introduction: Religious architecture in the Roman Empire, East and West /</subfield>
         <subfield code="r">Edmund Thomas --</subfield>
         <subfield code="t">Capitoline temples of Rome and its colonies : Cosa and Pompeii /</subfield>
         <subfield code="r">John Stamper --</subfield>
         <subfield code="t">Gods, worshippers, and temples in the Roman West /</subfield>
         <subfield code="r">Louise Revell --</subfield>
         <subfield code="t">Changing spaces and shifting attitudes : revisiting the sanctuary of Zeus in Gerasa /</subfield>
         <subfield code="r">Rubina Raja --</subfield>
         <subfield code="g">part 2. Ritual and perception of sacred urban space.</subfield>
         <subfield code="t">Introduction: Cities and gods, then and now /</subfield>
         <subfield code="r">Michael J. Crosbie --</subfield>
         <subfield code="t">Cities, gods, empire /</subfield>
         <subfield code="r">Clifford Ando --</subfield>
         <subfield code="t">Temples for Egyptian gods within an urban landscape : the Roman Iseum Campense and the Red Hall of Pergamon as case studies /</subfield>
         <subfield code="r">Martin Bommas --</subfield>
         <subfield code="t">Creating civic space through religious innovation? : the case of the post-Seleucid Beqaa Valley /</subfield>
         <subfield code="r">Michael Sommer --</subfield>
         <subfield code="t">Temple architecture and urban boundaries in Gaul and Britain : two worlds or one? /</subfield>
         <subfield code="r">Penelope Goodman --</subfield>
         <subfield code="g">part 3. The impact of new religious traditions on civic space.</subfield>
         <subfield code="t">Introduction: Charting and interpreting the impact of new religious traditions on civic space /</subfield>
         <subfield code="r">Neil Christie --</subfield>
         <subfield code="t">Gortyn : from city of the gods to Christian city /</subfield>
         <subfield code="r">Isabella Baldini Lippolis, Giulio Vallarino --</subfield>
         <subfield code="t">Characteristics of the Christianisation of space in Late Antique Rome : new considerations a generation after Charles Pietri's Roma Christiana /</subfield>
         <subfield code="r">Lucrezia Spera --</subfield>
         <subfield code="t">From Belenus to Peter and Paul : Christianity and the protection of the city in Late Antiquity /</subfield>
         <subfield code="r">Claire Sotinel --</subfield>
         <subfield code="t">Christian ceremonial and the earthly city /</subfield>
         <subfield code="r">Allan Doig.</subfield>
      </datafield>
      <datafield tag="650" ind1=" " ind2="0">
         <subfield code="a">Sacred space</subfield>
         <subfield code="z">Mediterranean Region</subfield>
         <subfield code="v">Congresses.</subfield>
      </datafield>
      <datafield tag="650" ind1=" " ind2="0">
         <subfield code="a">Cities and towns, Ancient</subfield>
         <subfield code="z">Mediterranean Region</subfield>
         <subfield code="v">Congresses.</subfield>
      </datafield>
      <datafield tag="650" ind1=" " ind2="0">
         <subfield code="a">Architecture and religion</subfield>
         <subfield code="v">Congresses.</subfield>
      </datafield>
      <datafield tag="651" ind1=" " ind2="0">
         <subfield code="a">Mediterranean Region</subfield>
         <subfield code="x">Religion</subfield>
         <subfield code="v">Congresses.</subfield>
      </datafield>
      <datafield tag="651" ind1=" " ind2="0">
         <subfield code="a">Mediterranean Region</subfield>
         <subfield code="x">Antiquities</subfield>
         <subfield code="v">Congresses.</subfield>
      </datafield>
      <datafield tag="651" ind1=" " ind2="0">
         <subfield code="a">Mediterranean Region</subfield>
         <subfield code="x">Religious life and customs</subfield>
         <subfield code="v">Congresses.</subfield>
      </datafield>
      <datafield tag="700" ind1="1" ind2=" ">
         <subfield code="a">Kaizer, Ted</subfield>
         <subfield code="e">editor.</subfield>
      </datafield>
      <datafield tag="700" ind1="1" ind2=" ">
         <subfield code="a">Leone, Anna,</subfield>
         <subfield code="d">1967-</subfield>
         <subfield code="e">editor.</subfield>
      </datafield>
      <datafield tag="700" ind1="1" ind2=" ">
         <subfield code="a">Thomas, Edmund</subfield>
         <subfield code="q">(Edmund V.)</subfield>
         <subfield code="e">editor.</subfield>
      </datafield>
      <datafield tag="700" ind1="1" ind2=" ">
         <subfield code="a">Witcher, Robert E.,</subfield>
         <subfield code="e">editor.</subfield>
      </datafield>
      <datafield tag="711" ind1="2" ind2=" ">
         <subfield code="a">Cities and Gods (Conference)</subfield>
         <subfield code="d">(2007 :</subfield>
         <subfield code="c">Durham, England)</subfield>
      </datafield>
      <datafield tag="830" ind1=" " ind2="0">
         <subfield code="a">Bulletin antieke beschaving.</subfield>
         <subfield code="p">Supplement ;</subfield>
         <subfield code="v">22.</subfield>
      </datafield>
      <datafield tag="994" ind1=" " ind2=" ">
         <subfield code="a">Z0</subfield>
         <subfield code="b">ZYU</subfield>
      </datafield>
      <datafield tag="OWN" ind1=" " ind2=" ">
         <subfield code="a">GENERAL</subfield>
      </datafield>
      <datafield tag="AVA" ind1=" " ind2=" ">
         <subfield code="a">NYU50</subfield>
         <subfield code="b">BOBST</subfield>
         <subfield code="c">Main Collection</subfield>
         <subfield code="d">BL687 .C485 2013</subfield>
         <subfield code="e">available</subfield>
         <subfield code="t">Available</subfield>
         <subfield code="f">1</subfield>
         <subfield code="g">0</subfield>
         <subfield code="h">N</subfield>
         <subfield code="i">0</subfield>
         <subfield code="j">MAIN</subfield>
         <subfield code="k">0</subfield>
      </datafield>
      <datafield tag="AVA" ind1=" " ind2=" ">
         <subfield code="a">NYU50</subfield>
         <subfield code="b">NISAW</subfield>
         <subfield code="c">Oversize Collection</subfield>
         <subfield code="d">BL687 .C485 2013</subfield>
         <subfield code="e">available</subfield>
         <subfield code="t">Available</subfield>
         <subfield code="f">1</subfield>
         <subfield code="g">0</subfield>
         <subfield code="h">N</subfield>
         <subfield code="i">0</subfield>
         <subfield code="j">OVERZ</subfield>
         <subfield code="k">0</subfield>
      </datafield>
      <marc:datafield tag="852" ind1=" " ind2=" ">
         <marc:subfield code="a">New York University</marc:subfield>
         <marc:subfield code="b">Institute for the Study of the Ancient World</marc:subfield>
         <marc:subfield code="c">Oversize Collection</marc:subfield>
         <marc:subfield code="e">15 East 84th Street</marc:subfield>
         <marc:subfield code="e">New York, NY  10028</marc:subfield>
      </marc:datafield>
   </record>