
  
  
  
  
  
  
  
 
  
  <record xsi:schemaLocation="http://www.loc.gov/MARC21/slim http://www.loc.gov/standards/marcxml/schema/MARC21slim.xsd">
      <leader>00000cam a2200733 a 4500</leader>
      <controlfield tag="FMT">BK</controlfield>
      <controlfield tag="LDR">00000cam a2200733 a 4500</controlfield>
      <controlfield tag="001">003925063</controlfield>
      <controlfield tag="003">OCoLC</controlfield>
      <controlfield tag="005">20140121120159.0</controlfield>
      <controlfield tag="008">140121s1996    ne abe   b    100 0 eng d</controlfield>
      <datafield tag="010" ind1=" " ind2=" ">
         <subfield code="a">98184726</subfield>
      </datafield>
      <datafield tag="020" ind1=" " ind2=" ">
         <subfield code="a">9068318446 (pbk.)</subfield>
      </datafield>
      <datafield tag="020" ind1=" " ind2=" ">
         <subfield code="a">9789068318449 (pbk.)</subfield>
      </datafield>
      <datafield tag="035" ind1=" " ind2=" ">
         <subfield code="a">(OCoLC)37028894</subfield>
         <subfield code="z">(OCoLC)601037758</subfield>
      </datafield>
      <datafield tag="040" ind1=" " ind2=" ">
         <subfield code="a">GUA</subfield>
         <subfield code="b">eng</subfield>
         <subfield code="c">DLC</subfield>
         <subfield code="d">NLGGC</subfield>
         <subfield code="d">BTCTA</subfield>
         <subfield code="d">P4I</subfield>
         <subfield code="d">OCLCO</subfield>
         <subfield code="d">OCLCA</subfield>
         <subfield code="d">OCLCF</subfield>
         <subfield code="d">NNU</subfield>
      </datafield>
      <datafield tag="041" ind1="0" ind2=" ">
         <subfield code="a">eng</subfield>
         <subfield code="a">ger</subfield>
         <subfield code="a">ita</subfield>
      </datafield>
      <datafield tag="042" ind1=" " ind2=" ">
         <subfield code="a">lccopycat</subfield>
      </datafield>
      <datafield tag="043" ind1=" " ind2=" ">
         <subfield code="a">mm-----</subfield>
      </datafield>
      <datafield tag="050" ind1=" " ind2="4">
         <subfield code="a">TD295.M4</subfield>
         <subfield code="b">I58 1994</subfield>
      </datafield>
      <datafield tag="082" ind1="0" ind2="0">
         <subfield code="a">363.6/1/091822</subfield>
         <subfield code="2">21</subfield>
      </datafield>
      <datafield tag="084" ind1=" " ind2=" ">
         <subfield code="a">56.35</subfield>
         <subfield code="2">bcl</subfield>
      </datafield>
      <datafield tag="111" ind1="2" ind2=" ">
         <subfield code="a">International Congress on the History of Water Management and Hydraulic Engineering in the Mediterranean Region</subfield>
         <subfield code="n">(9th :</subfield>
         <subfield code="d">1994 :</subfield>
         <subfield code="c">Pompei, Italy)</subfield>
      </datafield>
      <datafield tag="245" ind1="1" ind2="0">
         <subfield code="a">Cura aquarum in Campania :</subfield>
         <subfield code="b">proceedings of the Ninth International Congress on the History of Water Management and Hydraulic Engineering in the Mediterranean Region = Beiträge des neunten internationalen Symposiums zur Geschichte der Wasserwirtschaft und des Wasserbaus im Mediterranen Raum : Pompeii, 1-8 October 1994 /</subfield>
         <subfield code="c">edited by Nathalie de Haan &amp; Gemma C.M. Jansen.</subfield>
      </datafield>
      <datafield tag="246" ind1="3" ind2="0">
         <subfield code="a">Proceedings of the Ninth International Congress on the History of Water Management and Hydraulic Engineering in the Mediterranean Region</subfield>
      </datafield>
      <datafield tag="246" ind1="3" ind2="1">
         <subfield code="a">Beiträge des neunten internationalen Symposiums zur Geschichte der Wasserwirtschaft und des Wasserbaus im Mediterranen Raum</subfield>
      </datafield>
      <datafield tag="260" ind1=" " ind2=" ">
         <subfield code="a">Leiden :</subfield>
         <subfield code="b">Stichting Babesch,</subfield>
         <subfield code="c">1996.</subfield>
      </datafield>
      <datafield tag="300" ind1=" " ind2=" ">
         <subfield code="a">viii, 199 p. :</subfield>
         <subfield code="b">ill., maps, plans ;</subfield>
         <subfield code="c">28 cm.</subfield>
      </datafield>
      <datafield tag="490" ind1="1" ind2=" ">
         <subfield code="a">Babesch / Bulletin antieke beschaving. Supplement,</subfield>
         <subfield code="x">0165-9367 ;</subfield>
         <subfield code="v">4</subfield>
      </datafield>
      <datafield tag="546" ind1=" " ind2=" ">
         <subfield code="a">Papers in English, German, or Italian; preface in English and German.</subfield>
      </datafield>
      <datafield tag="500" ind1=" " ind2=" ">
         <subfield code="a">"This international congress was ... organized by the Department of Classical Archaeology of the University of Nijmegen"--P. [i].</subfield>
      </datafield>
      <datafield tag="504" ind1=" " ind2=" ">
         <subfield code="a">Includes bibliographical references.</subfield>
      </datafield>
      <datafield tag="505" ind1="0" ind2="0">
         <subfield code="g">pt. I. Pompeii.</subfield>
         <subfield code="t">Wasserwirtschaft in Pompeji /</subfield>
         <subfield code="r">L. Eschebach --</subfield>
         <subfield code="t">Anomalies in the flow at the Pompeii Castellum /</subfield>
         <subfield code="r">A. Tr. Hodge --</subfield>
         <subfield code="t">Anmerkungen zum Funktionsmodell des Castellum Aquae im antiken Pompeji /</subfield>
         <subfield code="r">C. Ohlig --</subfield>
         <subfield code="t">Urban water supply of Pompeii /</subfield>
         <subfield code="r">J.B.M. Wiggers --</subfield>
         <subfield code="t">Zweck und der Betrieb der Wassertürme von Pompeji /</subfield>
         <subfield code="r">J. Peleg --</subfield>
         <subfield code="t">Impianto idrico a Pompei nel 79 d.C. Nuovi dati /</subfield>
         <subfield code="r">S.C. Nappo --</subfield>
         <subfield code="t">Verteilung des Leitungswassers in den Häusern Pompejis /</subfield>
         <subfield code="r">G.C.M. Jansen --</subfield>
         <subfield code="t">Use of water in Pompeian gardens /</subfield>
         <subfield code="r">W.F. Jashemksi --</subfield>
         <subfield code="t">Wasserversorgung der Privatbäder in Pompeji /</subfield>
         <subfield code="r">N. de Haan --</subfield>
         <subfield code="t">Water-lifting devices at Herculaneum and Pompeii in the context of Roman technology /</subfield>
         <subfield code="r">J.P. Oleson --</subfield>
         <subfield code="t">Finding social meaning in the public latrines of Pompeii /</subfield>
         <subfield code="r">A.O. Koloksi-Ostrow --</subfield>
         <subfield code="g">pt. II. Campania.</subfield>
         <subfield code="t">Cura Aquarum in Campania : eine Einführung /</subfield>
         <subfield code="r">S.A.G. Piras --</subfield>
         <subfield code="t">Acquedotti romani di Serino /</subfield>
         <subfield code="r">U. Potenza --</subfield>
         <subfield code="t">Note su alcuni acquedotti romani in Campania /</subfield>
         <subfield code="r">M. Pagano --</subfield>
         <subfield code="t">Standard und Luxus in römischen Bädern : Überlegungen aus der Sicht der Hydrotechnik /</subfield>
         <subfield code="r">H. Manderscheid --</subfield>
         <subfield code="t">Piscina Mirabilis in Campania, Italy and Sepphoris, Israel : comparison between two large, ancient reservoirs /</subfield>
         <subfield code="r">Ts. Tsuk --</subfield>
         <subfield code="t">Antike Strassentunnel in Kampanien /</subfield>
         <subfield code="r">K. Grewe --</subfield>
         <subfield code="g">pt. III. Greek water systems.</subfield>
         <subfield code="t">Archaische Wasserleitungsnetz für Athen /</subfield>
         <subfield code="r">R. Tölle-Kastenbein --</subfield>
         <subfield code="t">Priene's streets and water supply /</subfield>
         <subfield code="r">D.P. Crouch --</subfield>
      </datafield>
      <datafield tag="505" ind1="0" ind2="0">
         <subfield code="g">pt. IV. Roman water systems.</subfield>
         <subfield code="t">Aquae Urbis Romae : an historical overview of water in the public life of Rome /</subfield>
         <subfield code="r">K. Wentworth Rinne --</subfield>
         <subfield code="t">Fundorte der Fistulae Aquariae in Rom /</subfield>
         <subfield code="r">G. de Kleijn --</subfield>
         <subfield code="t">Neuere Ergebnisse aus der hydraulischen Untersuchung des Wasserversorgungssystems des antiken Susita (Israel) /</subfield>
         <subfield code="r">H. Fahlbusch, B. Rottgardt --</subfield>
         <subfield code="t">Incrustations at the Castellum Divisorium at Nîmes /</subfield>
         <subfield code="r">P. Kessener --</subfield>
         <subfield code="t">Systems of water control : the evidence of some African castellae /</subfield>
         <subfield code="r">S. Ellis --</subfield>
         <subfield code="g">pt. V. Miscellanea.</subfield>
         <subfield code="t">Bildung von Sinterablagerungen in Wassersystemen /</subfield>
         <subfield code="r">W. Müller --</subfield>
         <subfield code="t">Dichtungsmörtel und Betone in der Antike /</subfield>
         <subfield code="r">R. Malinowski.</subfield>
      </datafield>
      <datafield tag="650" ind1=" " ind2="0">
         <subfield code="a">Water-supply</subfield>
         <subfield code="z">Mediterranean Region</subfield>
         <subfield code="x">Management</subfield>
         <subfield code="x">History</subfield>
         <subfield code="v">Congresses.</subfield>
      </datafield>
      <datafield tag="650" ind1=" " ind2="0">
         <subfield code="a">Hydraulic engineering</subfield>
         <subfield code="z">Mediterranean Region</subfield>
         <subfield code="x">History</subfield>
         <subfield code="v">Congresses.</subfield>
      </datafield>
      <datafield tag="651" ind1=" " ind2="0">
         <subfield code="a">Mediterranean Region</subfield>
         <subfield code="x">Antiquities</subfield>
         <subfield code="v">Congresses.</subfield>
      </datafield>
      <datafield tag="650" ind1=" " ind2="7">
         <subfield code="a">Antiquities.</subfield>
         <subfield code="2">fast</subfield>
         <subfield code="0">(OCoLC)fst00810745</subfield>
      </datafield>
      <datafield tag="650" ind1=" " ind2="7">
         <subfield code="a">Hydraulic engineering.</subfield>
         <subfield code="2">fast</subfield>
         <subfield code="0">(OCoLC)fst00964596</subfield>
      </datafield>
      <datafield tag="650" ind1=" " ind2="7">
         <subfield code="a">Water-supply</subfield>
         <subfield code="x">Management.</subfield>
         <subfield code="2">fast</subfield>
         <subfield code="0">(OCoLC)fst01172390</subfield>
      </datafield>
      <datafield tag="651" ind1=" " ind2="7">
         <subfield code="a">Mediterranean Region.</subfield>
         <subfield code="2">fast</subfield>
         <subfield code="0">(OCoLC)fst01239752</subfield>
      </datafield>
      <datafield tag="655" ind1=" " ind2="7">
         <subfield code="a">Conference proceedings.</subfield>
         <subfield code="2">fast</subfield>
         <subfield code="0">(OCoLC)fst01423772</subfield>
      </datafield>
      <datafield tag="655" ind1=" " ind2="7">
         <subfield code="a">History.</subfield>
         <subfield code="2">fast</subfield>
         <subfield code="0">(OCoLC)fst01411628</subfield>
      </datafield>
      <datafield tag="700" ind1="1" ind2=" ">
         <subfield code="a">Haan, Nathalie de</subfield>
         <subfield code="e">ed.</subfield>
      </datafield>
      <datafield tag="700" ind1="1" ind2=" ">
         <subfield code="a">Jansen, Gemma C. M.</subfield>
         <subfield code="e">ed.</subfield>
      </datafield>
      <datafield tag="710" ind1="2" ind2=" ">
         <subfield code="a">Katholieke Universiteit Nijmegen.</subfield>
         <subfield code="b">Department of Classical Archaeology.</subfield>
      </datafield>
      <datafield tag="776" ind1="0" ind2="8">
         <subfield code="i">Online version:</subfield>
         <subfield code="a">International Congress on the History of Water Management and Hydraulic Engineering in the Mediterranean Region (9th : 1994 : Pompei, Italy)</subfield>
         <subfield code="t">Cura aquarum in Campania.</subfield>
         <subfield code="d">Leiden : Stichting Babesch, 1996</subfield>
         <subfield code="w">(OCoLC)654307004</subfield>
      </datafield>
      <datafield tag="830" ind1=" " ind2="0">
         <subfield code="a">Bulletin antieke beschaving.</subfield>
         <subfield code="p">Supplement ;</subfield>
         <subfield code="v">4.</subfield>
      </datafield>
      <datafield tag="994" ind1=" " ind2=" ">
         <subfield code="a">Z0</subfield>
         <subfield code="b">ZYU</subfield>
      </datafield>
      <datafield tag="OWN" ind1=" " ind2=" ">
         <subfield code="a">GENERAL</subfield>
      </datafield>
      <datafield tag="936" ind1=" " ind2=" ">
         <subfield code="a">PR 813738971</subfield>
      </datafield>
      <datafield tag="AVA" ind1=" " ind2=" ">
         <subfield code="a">NYU50</subfield>
         <subfield code="b">NISAW</subfield>
         <subfield code="c">Oversize Collection</subfield>
         <subfield code="d">TD295.M4 I58 1994</subfield>
         <subfield code="e">available</subfield>
         <subfield code="t">Available</subfield>
         <subfield code="f">1</subfield>
         <subfield code="g">0</subfield>
         <subfield code="h">N</subfield>
         <subfield code="i">0</subfield>
         <subfield code="j">OVERZ</subfield>
         <subfield code="k">0</subfield>
      </datafield>
      <marc:datafield tag="852" ind1=" " ind2=" ">
         <marc:subfield code="a">New York University</marc:subfield>
         <marc:subfield code="b">Institute for the Study of the Ancient World</marc:subfield>
         <marc:subfield code="c">Oversize Collection</marc:subfield>
         <marc:subfield code="e">15 East 84th Street</marc:subfield>
         <marc:subfield code="e">New York, NY  10028</marc:subfield>
      </marc:datafield>
   </record>