
  
  
  
  
  
  
 
  
  <record xsi:schemaLocation="http://www.loc.gov/MARC21/slim http://www.loc.gov/standards/marcxml/schema/MARC21slim.xsd">
      <leader>00000cam a2200637 a 4500</leader>
      <controlfield tag="FMT">BK</controlfield>
      <controlfield tag="LDR">00000cam a2200637 a 4500</controlfield>
      <controlfield tag="001">003925092</controlfield>
      <controlfield tag="003">OCoLC</controlfield>
      <controlfield tag="005">20140121124759.0</controlfield>
      <controlfield tag="008">140121s2001    be abe   b    000 0 eng</controlfield>
      <datafield tag="010" ind1=" " ind2=" ">
         <subfield code="a">2001021053</subfield>
      </datafield>
      <datafield tag="020" ind1=" " ind2=" ">
         <subfield code="a">9042909919</subfield>
      </datafield>
      <datafield tag="020" ind1=" " ind2=" ">
         <subfield code="a">9789042909915</subfield>
      </datafield>
      <datafield tag="035" ind1=" " ind2=" ">
         <subfield code="a">(OCoLC)45829495</subfield>
      </datafield>
      <datafield tag="040" ind1=" " ind2=" ">
         <subfield code="a">DLC</subfield>
         <subfield code="b">eng</subfield>
         <subfield code="c">DLC</subfield>
         <subfield code="d">NLGGC</subfield>
         <subfield code="d">BTCTA</subfield>
         <subfield code="d">BAKER</subfield>
         <subfield code="d">YDXCP</subfield>
         <subfield code="d">NNU</subfield>
      </datafield>
      <datafield tag="042" ind1=" " ind2=" ">
         <subfield code="a">pcc</subfield>
      </datafield>
      <datafield tag="043" ind1=" " ind2=" ">
         <subfield code="a">e-fr---</subfield>
         <subfield code="a">e-be---</subfield>
         <subfield code="a">e-ne---</subfield>
      </datafield>
      <datafield tag="050" ind1=" " ind2="4">
         <subfield code="a">DC63</subfield>
         <subfield code="b">.A57 2001</subfield>
      </datafield>
      <datafield tag="082" ind1="0" ind2="0">
         <subfield code="a">936.4</subfield>
         <subfield code="2">21</subfield>
      </datafield>
      <datafield tag="084" ind1=" " ind2=" ">
         <subfield code="a">15.30</subfield>
         <subfield code="2">bcl</subfield>
      </datafield>
      <datafield tag="245" ind1="0" ind2="0">
         <subfield code="a">Ancient lines in the landscape :</subfield>
         <subfield code="b">a geo-archaeological study of protohistoric and Roman roads and field systems in northwestern Gaul /</subfield>
         <subfield code="c">edited by Frank Vermeulen &amp; Mark Antrop.</subfield>
      </datafield>
      <datafield tag="260" ind1=" " ind2=" ">
         <subfield code="a">Leuven ;</subfield>
         <subfield code="a">Sterling, Va. :</subfield>
         <subfield code="b">Peeters,</subfield>
         <subfield code="c">2001.</subfield>
      </datafield>
      <datafield tag="300" ind1=" " ind2=" ">
         <subfield code="a">v, 226 p. :</subfield>
         <subfield code="b">ill. (some col.), maps (some col.), plans (some col.) ;</subfield>
         <subfield code="c">28 cm.</subfield>
      </datafield>
      <datafield tag="490" ind1="1" ind2=" ">
         <subfield code="a">Babesch / Bulletin antieke beschaving. Supplement,</subfield>
         <subfield code="x">0165-9367 ;</subfield>
         <subfield code="v">7</subfield>
      </datafield>
      <datafield tag="504" ind1=" " ind2=" ">
         <subfield code="a">Bibliography: p. 220-225.</subfield>
      </datafield>
      <datafield tag="505" ind1="0" ind2="0">
         <subfield code="g">I. Introduction.</subfield>
         <subfield code="t">Research justification /</subfield>
         <subfield code="r">F. Vermeulen --</subfield>
         <subfield code="t">Geography of the landscape of the Civitas Menapiorum /</subfield>
         <subfield code="r">M. Antrop, T. Wiedemann --</subfield>
         <subfield code="t">Cultural biography of the protohistoric and Roman landscape of the Civitas Menapiorum /</subfield>
         <subfield code="r">F. Vermeulen --</subfield>
         <subfield code="g">II. Studying the linear past.</subfield>
         <subfield code="t">Aerial photography and the former landscape of western Flanders /</subfield>
         <subfield code="r">J. Bourgeois, M. Meganck, J. Semey --</subfield>
         <subfield code="t">Processing ancient linear traces on aerial photographs /</subfield>
         <subfield code="r">B. Hageman --</subfield>
         <subfield code="t">Using GIS to study ancient linear marks /</subfield>
         <subfield code="r">M. Antrop, T. Wiedemann --</subfield>
         <subfield code="t">Field control and excavations /</subfield>
         <subfield code="r">F. Vermeulen --</subfield>
         <subfield code="g">III. Roads, routes, and tracks.</subfield>
         <subfield code="t">Basic Roman road network in the Civitas Menapiorum /</subfield>
         <subfield code="r">F. Vermeulen --</subfield>
         <subfield code="t">Analysis of the Roman road system around Cassel and application of a GIS-model in Sandy Flanders /</subfield>
         <subfield code="r">T. Wiedemann, M. Antrop, F. Vermeulen --</subfield>
         <subfield code="t">Protohistoric and Roman roads, routes, and tracks in Sandy Flanders : identification in the field /</subfield>
         <subfield code="r">F. Vermeulen, B. Hageman --</subfield>
         <subfield code="g">IV. Field systems.</subfield>
         <subfield code="t">GIS-analysis of possible ancient normative land divisions in the Civitas Menapiorum /</subfield>
         <subfield code="r">T. Wiedemann, M. Antrop, F. Vermeulen --</subfield>
         <subfield code="t">Some excavated protohistoric and Roman field systems in Sandy Flanders /</subfield>
         <subfield code="r">J. Bourgeois, B. Hageman, J. Semey, F. Vermeulen --</subfield>
         <subfield code="t">Towards a typology of the ancient field systems /</subfield>
         <subfield code="r">B. Hageman, J. Semey.</subfield>
      </datafield>
      <datafield tag="650" ind1=" " ind2="0">
         <subfield code="a">Roads, Roman</subfield>
         <subfield code="z">Gaul.</subfield>
      </datafield>
      <datafield tag="650" ind1=" " ind2="0">
         <subfield code="a">Land use</subfield>
         <subfield code="z">Gaul.</subfield>
      </datafield>
      <datafield tag="650" ind1=" " ind2="0">
         <subfield code="a">Limes (Roman boundary)</subfield>
         <subfield code="z">Gaul.</subfield>
      </datafield>
      <datafield tag="650" ind1=" " ind2="0">
         <subfield code="a">Excavations (Archaeology)</subfield>
         <subfield code="z">France, Northern.</subfield>
      </datafield>
      <datafield tag="650" ind1=" " ind2="0">
         <subfield code="a">Excavations (Archaeology)</subfield>
         <subfield code="z">Belgium.</subfield>
      </datafield>
      <datafield tag="650" ind1=" " ind2="0">
         <subfield code="a">Excavations (Archaeology)</subfield>
         <subfield code="z">Netherlands.</subfield>
      </datafield>
      <datafield tag="650" ind1=" " ind2="0">
         <subfield code="a">Romans</subfield>
         <subfield code="z">France, Northern.</subfield>
      </datafield>
      <datafield tag="650" ind1=" " ind2="0">
         <subfield code="a">Romans</subfield>
         <subfield code="z">Belgium.</subfield>
      </datafield>
      <datafield tag="650" ind1=" " ind2="0">
         <subfield code="a">Romans</subfield>
         <subfield code="z">Netherlands.</subfield>
      </datafield>
      <datafield tag="651" ind1=" " ind2="0">
         <subfield code="a">Gaul</subfield>
         <subfield code="x">Antiquities, Roman.</subfield>
      </datafield>
      <datafield tag="700" ind1="1" ind2=" ">
         <subfield code="a">Vermeulen, Frank</subfield>
         <subfield code="e">ed.</subfield>
      </datafield>
      <datafield tag="700" ind1="1" ind2=" ">
         <subfield code="a">Antrop, M.</subfield>
         <subfield code="e">ed.</subfield>
      </datafield>
      <datafield tag="776" ind1="0" ind2="8">
         <subfield code="i">Online version:</subfield>
         <subfield code="t">Ancient lines in the landscape.</subfield>
         <subfield code="d">Leuven [Belgium] ; Sterling, Va. : Peeters, 2001</subfield>
         <subfield code="w">(OCoLC)604169112</subfield>
      </datafield>
      <datafield tag="776" ind1="0" ind2="8">
         <subfield code="i">Online version:</subfield>
         <subfield code="t">Ancient lines in the landscape.</subfield>
         <subfield code="d">Leuven [Belgium] ; Sterling, Va. : Peeters, 2001</subfield>
         <subfield code="w">(OCoLC)607715002</subfield>
      </datafield>
      <datafield tag="830" ind1=" " ind2="0">
         <subfield code="a">Bulletin antieke beschaving.</subfield>
         <subfield code="p">Supplement ;</subfield>
         <subfield code="v">7.</subfield>
      </datafield>
      <datafield tag="994" ind1=" " ind2=" ">
         <subfield code="a">Z0</subfield>
         <subfield code="b">ZYU</subfield>
      </datafield>
      <datafield tag="OWN" ind1=" " ind2=" ">
         <subfield code="a">GENERAL</subfield>
      </datafield>
      <datafield tag="936" ind1=" " ind2=" ">
         <subfield code="a">PR 491096642</subfield>
      </datafield>
      <datafield tag="AVA" ind1=" " ind2=" ">
         <subfield code="a">NYU50</subfield>
         <subfield code="b">NISAW</subfield>
         <subfield code="c">Oversize Collection</subfield>
         <subfield code="d">DC63 .A57 2001</subfield>
         <subfield code="e">available</subfield>
         <subfield code="t">Available</subfield>
         <subfield code="f">1</subfield>
         <subfield code="g">0</subfield>
         <subfield code="h">N</subfield>
         <subfield code="i">0</subfield>
         <subfield code="j">OVERZ</subfield>
         <subfield code="k">0</subfield>
      </datafield>
      <marc:datafield tag="852" ind1=" " ind2=" ">
         <marc:subfield code="a">New York University</marc:subfield>
         <marc:subfield code="b">Institute for the Study of the Ancient World</marc:subfield>
         <marc:subfield code="c">Oversize Collection</marc:subfield>
         <marc:subfield code="e">15 East 84th Street</marc:subfield>
         <marc:subfield code="e">New York, NY  10028</marc:subfield>
      </marc:datafield>
   </record>