
  
  
  
  
  
  
  
 
  
  <record xsi:schemaLocation="http://www.loc.gov/MARC21/slim http://www.loc.gov/standards/marcxml/schema/MARC21slim.xsd">
      <leader>00000cam a2200553 a 4500</leader>
      <controlfield tag="FMT">BK</controlfield>
      <controlfield tag="LDR">00000cam a2200553 a 4500</controlfield>
      <controlfield tag="001">003924956</controlfield>
      <controlfield tag="003">OCoLC</controlfield>
      <controlfield tag="005">20140121094303.0</controlfield>
      <controlfield tag="008">140121s2010    it ab    b    100 0 eng c</controlfield>
      <datafield tag="020" ind1=" " ind2=" ">
         <subfield code="a">9788882655686 (hd.bd.)</subfield>
      </datafield>
      <datafield tag="020" ind1=" " ind2=" ">
         <subfield code="a">8882655687 (hd.bd.)</subfield>
      </datafield>
      <datafield tag="035" ind1=" " ind2=" ">
         <subfield code="a">(OCoLC)644522901</subfield>
         <subfield code="z">(OCoLC)644523952</subfield>
         <subfield code="z">(OCoLC)807039666</subfield>
      </datafield>
      <datafield tag="040" ind1=" " ind2=" ">
         <subfield code="a">OHX</subfield>
         <subfield code="c">OHX</subfield>
         <subfield code="d">C3L</subfield>
         <subfield code="d">JHE</subfield>
         <subfield code="d">HLS</subfield>
         <subfield code="d">ZCU</subfield>
         <subfield code="d">YDXCP</subfield>
         <subfield code="d">OSU</subfield>
         <subfield code="d">BTCTA</subfield>
         <subfield code="d">NNU</subfield>
      </datafield>
      <datafield tag="041" ind1="0" ind2=" ">
         <subfield code="a">eng</subfield>
         <subfield code="a">fre</subfield>
      </datafield>
      <datafield tag="043" ind1=" " ind2=" ">
         <subfield code="a">ar-----</subfield>
      </datafield>
      <datafield tag="045" ind1=" " ind2=" ">
         <subfield code="a">a0b0</subfield>
         <subfield code="a">d4i-</subfield>
         <subfield code="a">b0d3</subfield>
      </datafield>
      <datafield tag="050" ind1=" " ind2="4">
         <subfield code="a">DS211</subfield>
         <subfield code="b">.E27 2010</subfield>
      </datafield>
      <datafield tag="072" ind1=" " ind2="7">
         <subfield code="a">DS</subfield>
         <subfield code="2">lcco</subfield>
      </datafield>
      <datafield tag="082" ind1="1" ind2="4">
         <subfield code="a">935</subfield>
         <subfield code="2">21</subfield>
      </datafield>
      <datafield tag="245" ind1="0" ind2="0">
         <subfield code="a">Eastern Arabia in the first millenium BC /</subfield>
         <subfield code="c">edited by Alessandra Avanzini.</subfield>
      </datafield>
      <datafield tag="260" ind1=" " ind2=" ">
         <subfield code="a">Roma :</subfield>
         <subfield code="b">"L'Erma" di Bretschneider,</subfield>
         <subfield code="c">c2010.</subfield>
      </datafield>
      <datafield tag="300" ind1=" " ind2=" ">
         <subfield code="a">247 p., [1] folded leaf :</subfield>
         <subfield code="b">ill., maps, plans ;</subfield>
         <subfield code="c">29 cm.</subfield>
      </datafield>
      <datafield tag="490" ind1="1" ind2=" ">
         <subfield code="a">Arabia antica ;</subfield>
         <subfield code="v">6</subfield>
      </datafield>
      <datafield tag="490" ind1="1" ind2=" ">
         <subfield code="a">Archaeological studies</subfield>
      </datafield>
      <datafield tag="546" ind1=" " ind2=" ">
         <subfield code="a">Contributions in English or French.</subfield>
      </datafield>
      <datafield tag="500" ind1=" " ind2=" ">
         <subfield code="a">"International Conference, Pisa, 12th-13th May 2008, Palazzo alla Giornata, Lungarno Pacinotti, 43"--T.p. verso.</subfield>
      </datafield>
      <datafield tag="504" ind1=" " ind2=" ">
         <subfield code="a">Includes bibliographical references.</subfield>
      </datafield>
      <datafield tag="505" ind1="0" ind2="0">
         <subfield code="t">Introduction: Eastern Arabia and the ancient South Arabian kingdoms at the beginning of the first millennium BC /</subfield>
         <subfield code="r">Alessandra Avanzini --</subfield>
         <subfield code="t">Arabia in the first millennium BC : the Near Eastern background /</subfield>
         <subfield code="r">Stefania Mazzoni --</subfield>
         <subfield code="t">Southern Mesopotamia in the 1st millennium BC and its contacts with Eastern Arabia /</subfield>
         <subfield code="r">Frederick Mario Fales --</subfield>
         <subfield code="t">Iran and the Gulf in the first half of the first millennium BC /</subfield>
         <subfield code="r">Peter Magee --</subfield>
         <subfield code="t">De Pétra au Golfe ou l'invention d'une route lagide /</subfield>
         <subfield code="r">Jean-François Salles --</subfield>
         <subfield code="t">Iron Age chronology in South East Arabia and new data from Salut, Sultanate of Oman /</subfield>
         <subfield code="r">Carl Phillips --</subfield>
         <subfield code="t">Iron I-period in South-eastern Arabia : a view from Central Oman /</subfield>
         <subfield code="r">Jürgen Schreiber --</subfield>
         <subfield code="t">Outline of recent discoveries at Salut in the Sultanate of Oman /</subfield>
         <subfield code="r">Alessandra Avanzini, Carl Phillips --</subfield>
         <subfield code="t">Authority and religion in South East Arabia during the Iron Age : a review of architecture and material from columned halls and cultic sites /</subfield>
         <subfield code="r">Anne Benoist --</subfield>
         <subfield code="t">Architecture domestique de l'Age du Fer (1300-300 a.C.) dans la péninsule d'Oman : quelques documents sur les villages et la culture des oasis /</subfield>
         <subfield code="r">Joaquín María Córdoba --</subfield>
         <subfield code="t">Continuity and change : Iron Age oasis settlement in Oman /</subfield>
         <subfield code="r">Jutta Häser --</subfield>
         <subfield code="t">Mleiha et le peuplement de la péninsule d'Oman à la période Pré-Islamique Récente /</subfield>
         <subfield code="r">Michel Mouton --</subfield>
         <subfield code="t">Sārūq al-Ḥadīd : an industrial complex of the Iron Age II period /</subfield>
         <subfield code="r">Khaled Nashef --</subfield>
         <subfield code="t">Heading north : an ancient caravan route and the impact of the falaj system on the Iron Age culture /</subfield>
         <subfield code="r">Walid Yasin Al Tikriti.</subfield>
      </datafield>
      <datafield tag="651" ind1=" " ind2="0">
         <subfield code="a">Arabian Peninsula</subfield>
         <subfield code="x">Antiquities</subfield>
         <subfield code="v">Congresses.</subfield>
      </datafield>
      <datafield tag="651" ind1=" " ind2="0">
         <subfield code="a">Arabian Peninsula</subfield>
         <subfield code="x">Civilization</subfield>
         <subfield code="v">Congresses.</subfield>
      </datafield>
      <datafield tag="651" ind1=" " ind2="0">
         <subfield code="a">Arabian Peninsula</subfield>
         <subfield code="x">History</subfield>
         <subfield code="v">Congresses.</subfield>
      </datafield>
      <datafield tag="650" ind1=" " ind2="0">
         <subfield code="a">Iron age</subfield>
         <subfield code="z">Arabian Peninsula</subfield>
         <subfield code="v">Congresses.</subfield>
      </datafield>
      <datafield tag="700" ind1="1" ind2=" ">
         <subfield code="a">Avanzini, Alessandra,</subfield>
         <subfield code="d">1947-</subfield>
         <subfield code="e">ed.</subfield>
      </datafield>
      <datafield tag="711" ind1="2" ind2=" ">
         <subfield code="a">Eastern Arabia in the First Millenium BC (International Conference)</subfield>
         <subfield code="d">(2008 :</subfield>
         <subfield code="c">Pisa, Italy)</subfield>
      </datafield>
      <datafield tag="830" ind1=" " ind2="0">
         <subfield code="a">Arabia antica ;</subfield>
         <subfield code="v">6.</subfield>
      </datafield>
      <datafield tag="830" ind1=" " ind2="0">
         <subfield code="a">Archaeological studies (Pisa, Italy)</subfield>
      </datafield>
      <datafield tag="994" ind1=" " ind2=" ">
         <subfield code="a">Z0</subfield>
         <subfield code="b">ZYU</subfield>
      </datafield>
      <datafield tag="OWN" ind1=" " ind2=" ">
         <subfield code="a">GENERAL</subfield>
      </datafield>
      <datafield tag="936" ind1=" " ind2=" ">
         <subfield code="a">PR 699739759 708570754</subfield>
      </datafield>
      <datafield tag="AVA" ind1=" " ind2=" ">
         <subfield code="a">NYU50</subfield>
         <subfield code="b">NISAW</subfield>
         <subfield code="c">Oversize Collection</subfield>
         <subfield code="d">DS211 .E27 2010</subfield>
         <subfield code="e">available</subfield>
         <subfield code="t">Available</subfield>
         <subfield code="f">1</subfield>
         <subfield code="g">0</subfield>
         <subfield code="h">N</subfield>
         <subfield code="i">0</subfield>
         <subfield code="j">OVERZ</subfield>
         <subfield code="k">0</subfield>
      </datafield>
      <marc:datafield tag="852" ind1=" " ind2=" ">
         <marc:subfield code="a">New York University</marc:subfield>
         <marc:subfield code="b">Institute for the Study of the Ancient World</marc:subfield>
         <marc:subfield code="c">Oversize Collection</marc:subfield>
         <marc:subfield code="e">15 East 84th Street</marc:subfield>
         <marc:subfield code="e">New York, NY  10028</marc:subfield>
      </marc:datafield>
   </record>
  
  
  
  
  
  
 </collection>
